@article{Meisner2011PowerServices,
 author = {Meisner, David and Sadler, Christopher M. and Barroso, Luiz Andr{\'e} and Weber, Wolf-Dietrich and Wenisch, Thomas F.},
 title = {\href{http://doi.acm.org/10.1145/2024723.2000103}{Power Management of Online Data-intensive Services}},
 journal = {SIGARCH Comput. Archit. News},
 issue_date = {June 2011},
 volume = {39},
 number = {3},
 month = jun,
 year = {2011},
 issn = {0163-5964},
 pages = {319--330},
 numpages = {12},
 url = {http://doi.acm.org/10.1145/2024723.2000103},
 doi = {10.1145/2024723.2000103},
 acmid = {2000103},
 publisher = {ACM},
 address = {New York, NY, USA},
 keywords = {power management, servers},
}

@article{Mars2013Whare-map,
    title = {\href{http://dl.acm.org/citation.cfm?id=2508148.2485975}{{Whare-map: heterogeneity in "homogeneous" warehouse-scale computers}}},
    year = {2013},
    journal = {ACM SIGARCH Computer Architecture News},
    author = {Mars, Jason and Tang, Lingjia},
    number = {3},
    month = {7},
    pages = {619},
    volume = {41},
    publisher = {ACM},
    url = {http://dl.acm.org/citation.cfm?id=2508148.2485975},
    isbn = {978-1-4503-2079-5},
    doi = {10.1145/2508148.2485975},
    issn = {01635964}
}

@article{Yang2013Bubble-flux,
    title = {\href{http://dl.acm.org/citation.cfm?id=2508148.2485974}{{Bubble-flux: precise online QoS management for increased utilization in warehouse scale computers}}},
    year = {2013},
    journal = {ACM SIGARCH Computer Architecture News},
    author = {Yang, Hailong and Breslow, Alex and Mars, Jason and Tang, Lingjia},
    number = {3},
    month = {7},
    pages = {607},
    volume = {41},
    publisher = {ACM},
    url = {http://dl.acm.org/citation.cfm?id=2508148.2485974},
    isbn = {978-1-4503-2079-5},
    doi = {10.1145/2508148.2485974},
    issn = {01635964}
}

@inproceedings{JanapaReddi2010WebCores,
 author = {Janapa Reddi, Vijay and Lee, Benjamin C. and Chilimbi, Trishul and Vaid, Kushagra},
 title = {\href{http://doi.acm.org/10.1145/1815961.1816002}{Web Search Using Mobile Cores: Quantifying and Mitigating the Price of Efficiency}},
 booktitle = {Proceedings of the 37th Annual International Symposium on Computer Architecture},
 series = {ISCA '10},
 year = {2010},
 isbn = {978-1-4503-0053-7},
 location = {Saint-Malo, France},
 pages = {314--325},
 numpages = {12},
 url = {http://doi.acm.org/10.1145/1815961.1816002},
 doi = {10.1145/1815961.1816002},
 acmid = {1816002},
 publisher = {ACM},
 address = {New York, NY, USA},
 keywords = {bing, energy efficiency, mobile cores, web search},
}


@article{Barroso2003WebArchitecture,
 author = {Barroso, Luiz Andr{\'e} and Dean, Jeffrey and H\"{o}lzle, Urs},
 title = {\href{http://dl.acm.org/citation.cfm?id=776716}{Web Search for a Planet: The Google Cluster Architecture}},
 journal = {IEEE Micro},
 issue_date = {March 2003},
 volume = {23},
 number = {2},
 month = mar,
 year = {2003},
 issn = {0272-1732},
 pages = {22--28},
 numpages = {7},
 url = {http://dx.doi.org/10.1109/MM.2003.1196112},
 doi = {10.1109/MM.2003.1196112},
 acmid = {776716},
 publisher = {IEEE Computer Society Press},
 address = {Los Alamitos, CA, USA},
}


@article{Lo2015Heracles,
    title = {\href{http://dl.acm.org/citation.cfm?id=2872887.2749475}{{Heracles: improving resource efficiency at scale}}},
    year = {2015},
    journal = {ACM SIGARCH Computer Architecture News},
    author = {Lo, David and Cheng, Liqun and Govindaraju, Rama and Ranganathan, Parthasarathy and Kozyrakis, Christos},
    number = {3},
    month = {6},
    pages = {450--462},
    volume = {43},
    publisher = {ACM},
    url = {http://dl.acm.org/citation.cfm?id=2872887.2749475},
    isbn = {978-1-4503-3402-0},
    doi = {10.1145/2872887.2749475},
    issn = {01635964}
}

@misc{AppliedXGene2http://goo.gl/XA04r1,
    author={Applied Micro},
    title="{\href{http://goo.gl/XA04r1}{Applied Micro XGene2}}",
    note = {\url{goo.gl/XA04r1}},
    month ="March",
    year ="2016"
    }


@article{Lo2014TowardsWorkloads,
    title = {\href{http://dl.acm.org/citation.cfm?id=2678373.2665718}{{Towards energy proportionality for large-scale latency-critical workloads}}},
    year = {2014},
    journal = {ACM SIGARCH Computer Architecture News},
    author = {Lo, David and Cheng, Liqun and Govindaraju, Rama and Barroso, Luiz André and Kozyrakis, Christos},
    number = {3},
    month = {10},
    pages = {301--312},
    volume = {42},
    publisher = {ACM},
    url = {http://dl.acm.org/citation.cfm?id=2678373.2665718},
    isbn = {978-1-4799-4394-4},
    doi = {10.1145/2678373.2665718},
    issn = {01635964}
}

@misc{ARMRegistershttps://github.com/ARM-software/devlib/blob/master/src/readenergy/readenergy.c,
    title = {\href{https://github.com/ARM-software/devlib/blob/master/src/readenergy/readenergy.c}{ARM Juno Power Registers}},
    author = "ARM",
    note = {\url{github.com/ARM-software/devlib/blob/master/src/readenergy/readenergy.c"}},
    month = "April",
    year = "2016"
}


@misc{ARMSYS_POW_SYSHttps://goo.gl/fmTTQi,
    title = {\href{https://goo.gl/fmTTQi}{{SYS{\_}POW{\_}SYS Register}}},
    note = {\url{goo.gl/fmTTQi}},
    author = {{ARM}},
    month = {April},
    year = {2016}
}

@inproceedings{Petrucci2015Octopus-Man:Computers,
    title = {\href{http://ieeexplore.ieee.org/lpdocs/epic03/wrapper.htm?arnumber=7056037}{{Octopus-Man: QoS-driven task management for heterogeneous multicores in warehouse-scale computers}}},
    shorttitle = {2015 IEEE 21st International Symposium on High Per},
    year = {2015},
    booktitle = {2015 IEEE 21st International Symposium on High Performance Computer Architecture (HPCA)},
    author = {Petrucci, Vinicius and Laurenzano, Michael A. and Doherty, John and Zhang, Yunqi and Mosse, Daniel and Mars, Jason and Tang, Lingjia},
    month = {2},
    pages = {246--258},
    publisher = {IEEE},
    url = {http://ieeexplore.ieee.org/lpdocs/epic03/wrapper.htm?arnumber=7056037},
    isbn = {978-1-4799-8930-0},
    doi = {10.1109/HPCA.2015.7056037},
    issn = {1530-0897},
    keywords = {CPU power, Intel heterogeneous prototype, Monitoring, Multicore processing, Octopus-Man, Prototypes, QoS management, QoS requirements, QoS violations, QoS-aware task management solution, QoS-driven task management, Quality of service, Runtime, Servers, WSC design, Web services, Web-search, adaptation dynamics, energy conservation, energy efficiency, energy reduction, feedback-control mechanisms, heterogeneous multicore architectures, high-performing brawny cores, latency-sensitive Web-services, latency-sensitive tasks, multiprocessing systems, power aware computing, power-efficient wimpy cores, power-hungry processing resources, quality of service, software stack, system power, warehouse-scale computers, workload fluctuations}
}

@article{Barroso2013TheEdition,
    title = {\href{http://www.morganclaypool.com/doi/abs/10.2200/S00516ED2V01Y201306CAC024}{{The Datacenter as a Computer: An Introduction to the Design of Warehouse-Scale Machines, Second edition}}},
    year = {2013},
    journal = {Synthesis Lectures on Computer Architecture},
    author = {Barroso, Luiz André and Clidaras, Jimmy and H{\"{o}}lzle, Urs},
    number = {3},
    month = {7},
    pages = {1--154},
    volume = {8},
    url = {http://www.morganclaypool.com/doi/abs/10.2200/S00516ED2V01Y201306CAC024},
    doi = {10.2200/S00516ED2V01Y201306CAC024},
    issn = {1935-3235}
}

@inproceedings{Kasture2015Rubik,
    title = {\href{http://dl.acm.org/citation.cfm?id=2830772.2830797}{{Rubik: fast analytical power management for latency-critical systems}}},
    year = {2015},
    booktitle = {Proceedings of the 48th International Symposium on Microarchitecture - MICRO-48},
    author = {Kasture, Harshad and Bartolini, Davide B. and Beckmann, Nathan and Sanchez, Daniel},
    month = {12},
    pages = {598--610},
    publisher = {ACM Press},
    url = {http://dl.acm.org/citation.cfm?id=2830772.2830797},
    address = {New York, New York, USA},
    isbn = {9781450340342},
    doi = {10.1145/2830772.2830797},
    keywords = {DVFS, colocation, interference, isolation, latency-critical, power management, quality of service, tail latency}
}

@inproceedings{Nishtala2013ScalingFacebook,
    title = {\href{https://www.usenix.org/node/172909}{{Scaling Memcache at Facebook}}},
    year = {2013},
    booktitle = {Proceedings of the 10th USENIX conference on Networked Systems Design and Implementation},
    author = {Nishtala, Rajesh and Fugal, Hans and Grimm, Steven and Kwiatkowski, Marc and Lee, Herman and Li, Harry C. and McElroy, Ryan and Paleczny, Mike and Peek, Daniel and Saab, Paul and Stafford, David and Tung, Tony and Venkataramani, Venkateshwaran},
    pages = {385--398},
    publisher = {USENIX Association}
}

@inproceedings{Atikoglu2012WorkloadStore,
    title = {\href{http://dl.acm.org/citation.cfm?doid=2254756.2254766}{{Workload analysis of a large-scale key-value store}}},
    year = {2012},
    booktitle = {Proceedings of the 12th ACM SIGMETRICS/PERFORMANCE joint international conference on Measurement and Modeling of Computer Systems - SIGMETRICS '12},
    author = {Atikoglu, Berk and Xu, Yuehai and Frachtenberg, Eitan and Jiang, Song and Paleczny, Mike},
    pages = {53},
    publisher = {ACM Press},
    url = {http://dl.acm.org/citation.cfm?doid=2254756.2254766},
    address = {New York, New York, USA},
    isbn = {9781450310970},
    doi = {10.1145/2254756.2254766},
    keywords = {key-value store, memcached, workload analysis, workload modeling}
}

@article{Mars2011HeterogeneityOpportunity,
    title = {\href{http://ieeexplore.ieee.org/lpdocs/epic03/wrapper.htm?arnumber=5887296}{{Heterogeneity in 'Homogeneous' Warehouse-Scale Computers: A Performance Opportunity}}},
    year = {2011},
    journal = {IEEE Computer Architecture Letters},
    author = {Mars, Jason and Tang, Lingjia and Hundt, Robert},
    number = {2},
    month = {2},
    pages = {29--32},
    volume = {10},
    publisher = {IEEE},
    url = {http://ieeexplore.ieee.org/lpdocs/epic03/wrapper.htm?arnumber=5887296},
    doi = {10.1109/L-CA.2011.14},
    keywords = {Benchmark testing, Computer architecture, Design studies, Distributed architectures, Microarchitecture, Optimization, Super (very large) computers, System architectures, computer centres, datacenters, diverse commodity microarchitectures, homogeneous warehouse-scale computers, integration and modeling, machine configurations, mainframes}
}

@inproceedings{Chitlur2012QuickIA:Prototypes,
    title = {\href{http://ieeexplore.ieee.org/lpdocs/epic03/wrapper.htm?arnumber=6169046}{{QuickIA: Exploring heterogeneous architectures on real prototypes}}},
    year = {2012},
    booktitle = {IEEE International Symposium on High-Performance Comp Architecture},
    author = {Chitlur, Nagabhushan and Srinivasa, Ganapati and Hahn, Scott and Gupta, P K and Reddy, Dheeraj and Koufaty, David and Brett, Paul and Prabhakaran, Abirami and Zhao, Li and Ijih, Nelson and Subhaschandra, Suchit and Grover, Sabina and Jiang, Xiaowei and Iyer, Ravi},
    month = {2},
    pages = {1--8},
    publisher = {IEEE},
    url = {http://ieeexplore.ieee.org/lpdocs/epic03/wrapper.htm?arnumber=6169046},
    isbn = {978-1-4673-0826-7},
    doi = {10.1109/HPCA.2012.6169046},
    keywords = {Computer architecture, FPGA, Field programmable gate arrays, Hardware, Intel processors, Linux, OS implications, Prototypes, Quality of service, QuickIA research prototype, Sockets, application development, architecture option re-evaluation, computer architecture, de-facto approach, field programmable gate arrays, heterogeneous architectures, heterogeneous chips, heterogeneous prototype platform, homogeneous multicore processors, multiprocessing systems, specialized accelerators, specialized processors}
}
@inproceedings{Halpern2016MobileSatisfaction,
    title = {\href{http://ieeexplore.ieee.org/lpdocs/epic03/wrapper.htm?arnumber=7446054}{{Mobile CPU's rise to power: Quantifying the impact of generational mobile CPU design trends on performance, energy, and user satisfaction}}},
    year = {2016},
    booktitle = {2016 IEEE International Symposium on High Performance Computer Architecture (HPCA)},
    author = {Halpern, Matthew and Zhu, Yuhao and Reddi, Vijay Janapa},
    month = {3},
    pages = {64--76},
    publisher = {IEEE},
    url = {http://ieeexplore.ieee.org/lpdocs/epic03/wrapper.htm?arnumber=7446054},
    isbn = {978-1-4673-9211-2},
    doi = {10.1109/HPCA.2016.7446054},
    keywords = {Amazon Mechanical Turk service, Benchmark testing, Hardware, Market research, Mobile communication, Multicore processing, Power demand, Technological innovation, desktop-like scaling, energy, hardware design, microprocessor chips, mobile CPU design trends, mobile computing, performance, performance evaluation, power aware computing, quality of experience, technology scaling, user experience quality, user satisfaction trends}
}

@inproceedings{Guevara2013NavigatingMechanisms,
    title = {\href{http://ieeexplore.ieee.org/lpdocs/epic03/wrapper.htm?arnumber=6522310}{{Navigating heterogeneous processors with market mechanisms}}},
    year = {2013},
    booktitle = {2013 IEEE 19th International Symposium on High Performance Computer Architecture (HPCA)},
    author = {Guevara, Marisabel and Lubin, Benjamin and Lee, Benjamin C.},
    month = {2},
    pages = {95--106},
    publisher = {IEEE},
    url = {http://ieeexplore.ieee.org/lpdocs/epic03/wrapper.htm?arnumber=6522310},
    isbn = {978-1-4673-5587-2},
    doi = {10.1109/HPCA.2013.6522310}
}
@inproceedings{Wong2012KnightShift:Heterogeneity,
    title = {\href{http://dl.acm.org/citation.cfm?id=2457472.2457491}{{KnightShift: Scaling the Energy Proportionality Wall through Server-Level Heterogeneity}}},
    year = {2012},
    booktitle = {2012 45th Annual IEEE/ACM International Symposium on Microarchitecture},
    author = {Wong, Daniel and Annavaram, Murali},
    month = {12},
    pages = {119--130},
    publisher = {IEEE},
    url = {http://dl.acm.org/citation.cfm?id=2457472.2457491},
    isbn = {978-1-4673-4819-5},
    doi = {10.1109/MICRO.2012.20}
}

@inproceedings{Cong2012Energy-efficientArchitectures,
    title = {\href{http://dl.acm.org/citation.cfm?id=2333660.2333737}{{Energy-efficient scheduling on heterogeneous multi-core architectures}}},
    year = {2012},
    booktitle = {Proceedings of the 2012 ACM/IEEE international symposium on Low power electronics and design - ISLPED '12},
    author = {Cong, Jason and Yuan, Bo},
    month = {7},
    pages = {345},
    publisher = {ACM Press},
    url = {http://dl.acm.org/citation.cfm?id=2333660.2333737},
    address = {New York, New York, USA},
    isbn = {9781450312493},
    doi = {10.1145/2333660.2333737},
    keywords = {energy efficiency, heterogeneous multi-core, scheduling}
}

@book{Hoelzle2009TheMachinesb,
    title = {\href{http://dl.acm.org/citation.cfm?id=1643608}{{The Datacenter as a Computer: An Introduction to the Design of Warehouse-Scale Machines}}},
    year = {2009},
    author = {Hoelzle, Urs and Barroso, Luiz Andre},
    publisher = {Morgan and Claypool Publishers},
    isbn = {159829556X, 9781598295566}
}

@article{Mnih2015Human-levelLearning,
    title = {\href{http://dx.doi.org/10.1038/nature14236}{{Human-level control through deep reinforcement learning}}},
    shorttitle = {Nature},
    year = {2015},
    journal = {Nature},
    author = {Mnih, Volodymyr and Kavukcuoglu, Koray and Silver, David and Rusu, Andrei A. and Veness, Joel and Bellemare, Marc G. and Graves, Alex and Riedmiller, Martin and Fidjeland, Andreas K. and Ostrovski, Georg and Petersen, Stig and Beattie, Charles and Sadik, Amir and Antonoglou, Ioannis and King, Helen and Kumaran, Dharshan and Wierstra, Daan and Legg, Shane and Hassabis, Demis},
    number = {7540},
    month = {2},
    pages = {529--533},
    volume = {518},
    publisher = {Nature Publishing Group, a division of Macmillan Publishers Limited. All Rights Reserved.},
    url = {http://dx.doi.org/10.1038/nature14236},
    doi = {10.1038/nature14236},
    issn = {0028-0836}
}


@inproceedings{TesauroAAllocation,
    title = {\href{http://ieeexplore.ieee.org/articleDetails.jsp?arnumber=1662383}{{A Hybrid Reinforcement Learning Approach to Autonomic Resource Allocation}}},
    booktitle = {2006 IEEE International Conference on Autonomic Computing},
    author = {Tesauro, Gerald and Jong, Nicholas and Das, Rajarshi and Bennani, Mohamed},
    pages = {65--73},
    publisher = {IEEE},
    year={2006},
    url = {http://ieeexplore.ieee.org/articleDetails.jsp?arnumber=1662383},
    isbn = {1-4244-0175-5},
    doi = {10.1109/ICAC.2006.1662383},
    keywords = {Control system synthesis, Cost accounting, Knowledge management, Learning, Open loop systems, Prototypes, Resource management, System performance, Table lookup, Traffic control},
    language = {English}
}


@misc{2007IBMReports,
    title = {\href{http://domino.watson.ibm.com/library/cyberdig.nsf/papers/F5E3B7F574B24BAD852570C1005E35A9/$File/rc23802.pdf}{{Model-Based and Model-Free Approaches to Autonomic Resource Allocation}}},
    author = {IBM},
    year = {2007},
    month = {February},
    publisher = {IBM Corporation},
    note = {\url{domino.watson.ibm.com/library/cyberdig.nsf/papers/F5E3B7F574B24BAD852570C1005E35A9/$File/rc23802.pdf}},
    keywords = {ZZ999},
    language = {en}
}

@inproceedings{Tesauro2005OnlineLearning.,
 author = {Tesauro, Gerald},
 title = {\href{http://dl.acm.org/citation.cfm?id=1619410.1619475}{Online Resource Allocation Using Decompositional Reinforcement Learning}},
 booktitle = {Proceedings of the 20th National Conference on Artificial Intelligence - Volume 2},
 series = {AAAI'05},
 year = {2005},
 isbn = {1-57735-236-x},
 location = {Pittsburgh, Pennsylvania},
 pages = {886--891},
 numpages = {6},
 url = {http://dl.acm.org/citation.cfm?id=1619410.1619475},
 acmid = {1619475},
 publisher = {AAAI Press},
} 


@article{Horvath2007DynamicControl,
    title = {\href{http://ieeexplore.ieee.org/articleDetails.jsp?arnumber=4118669}{{Dynamic Voltage Scaling in Multitier Web Servers with End-to-End Delay Control}}},
    year = {2007},
    journal = {IEEE Transactions on Computers},
    author = {Horvath, Tibor and Abdelzaher, Tarek and Skadron, Kevin and Liu, Xue},
    number = {4},
    month = {4},
    pages = {444--458},
    volume = {56},
    publisher = {IEEE},
    url = {http://ieeexplore.ieee.org/articleDetails.jsp?arnumber=4118669},
    doi = {10.1109/TC.2007.1003},
    issn = {0018-9340},
    keywords = {Cooling, Costs, Delay, Dynamic voltage scaling, Energy management, Internet, Logic, Pipelines, Power management, Service oriented architecture, Voltage control, Web server, distributed algorithms, distributed power management service, dynamic voltage scaling, end-to-end delay control, global energy consumption, load-balanced server, multistage service pipeline processing, multitier Web server, network servers, optimization methods., pipeline processing, power aware computing, power management, resource allocation, soft real-time systems, three-tier architecture, voltage control},
    language = {English}
}


@inproceedings{Li2014TalesTail,
    title = {\href{http://dl.acm.org/citation.cfm?doid=2670979.2670988}{{Tales of the Tail}}},
    year = {2014},
    booktitle = {Proceedings of the ACM Symposium on Cloud Computing - SOCC '14},
    author = {Li, Jialin and Sharma, Naveen Kr. and Ports, Dan R. K. and Gribble, Steven D.},
    pages = {1--14},
    publisher = {ACM Press},
    url = {http://dl.acm.org/citation.cfm?doid=2670979.2670988},
    address = {New York, New York, USA},
    isbn = {9781450332521},
    doi = {10.1145/2670979.2670988},
    keywords = {Tail latency, predictable latency}
}

@book{Suton.R.S1998ReinforcementIntroduction,
    title = {\href{http://people.inf.elte.hu/lorincz/Files/RL_2006/SuttonBook.pdf}{{Reinforcement Learning: An Introduction}}},
    year = {1998},
    author = {Suton, Richard and Barto, Andrew},
    publisher = {MIT Press},
    address = {Cambridge, MA}
}

@article{Leverich2009PowerGating,
    title = {\href{http://ieeexplore.ieee.org/articleDetails.jsp?arnumber=5224259}{{Power Management of Datacenter Workloads Using Per-Core Power Gating}}},
    year = {2009},
    journal = {IEEE Computer Architecture Letters},
    author = {Leverich, Jacob and Monchiero, Matteo and Talwar, Vanish and Ranganathan, Parthasarathy and Kozyrakis, Christos},
    number = {2},
    month = {2},
    pages = {48--51},
    volume = {8},
    publisher = {IEEE},
    url = {http://ieeexplore.ieee.org/articleDetails.jsp?arnumber=5224259},
    doi = {10.1109/L-CA.2009.46},
    issn = {1556-6056},
    keywords = {Energy-aware systems, System architectures, computer centres, data center workloads, dynamic voltage and frequency scaling, energy efficiency, enterprise environments, integration and modeling, leakage power, microprocessor chips, multicore processors, per-core power gating, power consumption, processor energy consumption, processor power management, software-controlled power modes},
    language = {English}
}

@inproceedings{Madan2011AProcessorsb,
    title = {\href{http://ieeexplore.ieee.org/lpdocs/epic03/wrapper.htm?arnumber=5749737}{{A case for guarded power gating for multi-core processors}}},
    year = {2011},
    booktitle = {2011 IEEE 17th International Symposium on High Performance Computer Architecture},
    author = {Madan, Niti and Buyuktosunoglu, Alper and Bose, Pradip and Annavaram, Murali},
    month = {2},
    pages = {291--300},
    publisher = {IEEE},
    url = {http://ieeexplore.ieee.org/lpdocs/epic03/wrapper.htm?arnumber=5749737},
    isbn = {978-1-4244-9432-3},
    doi = {10.1109/HPCA.2011.5749737},
    keywords = {Analytical models, Computational modeling, Load modeling, Mathematical model, Sensitivity analysis, Servers, Switches, dynamic power management, embedded power management, firmware, guarded power gating, multicore processor, multiprocessing systems, performance degradation, power aware computing, system-intended functionality}
}


@misc{PattisComplexityHttps://www.ics.uci.edu/pattis/ICS-33/lectures/complexitypython.txt,
    title = {\href{https://www.ics.uci.edu/{\~{}}pattis/ICS-33/lectures/complexitypython.txt}{{Complexity of Python Operations}}},
    note = {\url{ics.uci.edu/{\~{}}pattis/ICS-33/lectures/complexitypython.txt"}},
    author = {Pattis, Richard},
     month = "June",
     year = "2016"
}

@inproceedings{Vamanan2015TimeTrader:Search,
  author    = {Balajee Vamanan and
               Hamza Bin Sohail and
               Jahangir Hasan and
               T. N. Vijaykumar},
  title     = {\href{http://doi.acm.org/10.1145/2830772.2830779}{TimeTrader: exploiting latency tail to save datacenter energy for online search}},
  booktitle = {Proceedings of the 48th International Symposium on Microarchitecture,
               {MICRO} 2015, Waikiki, HI, USA, December 5-9, 2015},
  pages     = {585--597},
  year      = {2015},
  url       = {http://doi.acm.org/10.1145/2830772.2830779},
  doi       = {10.1145/2830772.2830779},
  timestamp = {Sun, 10 Jan 2016 12:42:56 +0100},
  biburl    = {http://dblp.uni-trier.de/rec/bib/conf/micro/VamananSHV15},
  bibsource = {dblp computer science bibliography, http://dblp.org}
}


@inproceedings{Zhu2016Dirigent,
    title = {\href{http://dl.acm.org/citation.cfm?doid=2872362.2872394}{{Dirigent: Enforcing QoS for Latency-Critical Tasks on Shared Multicore Systems}}},
    year = {2016},
    booktitle = {Proceedings of the Twenty-First International Conference on Architectural Support for Programming Languages and Operating Systems - ASPLOS '16},
    author = {Zhu, Haishan and Erez, Mattan},
    pages = {33--47},
    publisher = {ACM Press},
    url = {http://dl.acm.org/citation.cfm?doid=2872362.2872394},
    address = {New York, New York, USA},
    isbn = {9781450340915},
    doi = {10.1145/2872362.2872394},
    keywords = {DVFs, QoS, cache partitioning, colocation, latency distribution, latency tail, run-time prediction}
}
@inproceedings{Putnam2014AServices,
    title = {\href{http://ieeexplore.ieee.org/lpdocs/epic03/wrapper.htm?arnumber=6853195}{{A reconfigurable fabric for accelerating large-scale datacenter services}}},
    year = {2014},
    booktitle = {2014 ACM/IEEE 41st International Symposium on Computer Architecture (ISCA)},
    author = {Putnam, Andrew and Caulfield, Adrian M. and Chung, Eric S. and Chiou, Derek and Constantinides, Kypros and Demme, John and Esmaeilzadeh, Hadi and Fowers, Jeremy and Gopal, Gopi Prashanth and Gray, Jan and Haselman, Michael and Hauck, Scott and Heil, Stephen and Hormati, Amir and Kim, Joo-Young and Lanka, Sitaram and Larus, James and Peterson, Eric and Pope, Simon and Smith, Aaron and Thong, Jason and Xiao, Phillip Yi and Burger, Doug},
    month = {6},
    pages = {13--24},
    publisher = {IEEE},
    url = {http://ieeexplore.ieee.org/lpdocs/epic03/wrapper.htm?arnumber=6853195},
    isbn = {978-1-4799-4394-4},
    doi = {10.1109/ISCA.2014.6853195},
    keywords = {Acceleration, Bing Web search engine, Fabrics, Field programmable gate arrays, Hardware, Random access memory, Servers, Software, commodity server designs, computer centres, critical engineering, datacenter workloads, equivalent throughput, field programmable gate arrays, fixed latency distribution, flexibility, high computational capabilities, high-end Stratix V FPGA, large-scale datacenter services, large-scale software services, power efficiency, reconfigurable fabric, search engines, tail latency}
}


@inproceedings{Novakovic2013DeepDive:Environments,
 author = {Novakovi\'{c}, Dejan and Vasi\'{c}, Nedeljko and Novakovi\'{c}, Stanko and Kosti\'{c}, Dejan and Bianchini, Ricardo},
 title = {\href{http://dl.acm.org/citation.cfm?id=2535461.2535489}{DeepDive: Transparently Identifying and Managing Performance Interference in Virtualized Environments}},
 booktitle = {Proceedings of the 2013 USENIX Conference on Annual Technical Conference},
 series = {USENIX ATC'13},
 year = {2013},
 location = {San Jose, CA},
 pages = {219--230},
 numpages = {12},
 url = {http://dl.acm.org/citation.cfm?id=2535461.2535489},
 acmid = {2535489},
 publisher = {USENIX Association},
 address = {Berkeley, CA, USA},
} 

@misc{QiangWuMakingHttps://goo.gl/vJi1kf,
    title = {\href{https://research.facebook.com/blog/making-facebook-s-software-infrastructure-more-energy-efficient-with-autoscale/}{{Making Facebook's software infrastructure more energy efficient with Autoscale}}},
    author = {{Qiang Wu}},
    note = {\url{research.facebook.com/blog/making-facebook-s-software-infrastructure-more-energy-efficient-with-autoscale/}}
}

@article{Delimitrou2013Paragon:Datacenters,
    title = {\href{http://dl.acm.org/citation.cfm?id=2490301.2451125}{{Paragon: QoS-aware scheduling for heterogeneous datacenters}}},
    year = {2013},
    journal = {ACM SIGARCH Computer Architecture News},
    author = {Delimitrou, Christina and Kozyrakis, Christos},
    number = {1},
    month = {3},
    pages = {77--77},
    volume = {41},
    publisher = {ACM},
    url = {http://dl.acm.org/citation.cfm?id=2490301.2451125},
    isbn = {978-1-4503-1870-9},
    doi = {10.1145/2490301.2451125},
    issn = {0163-5964},
    keywords = {cloud computing, datacenter, heterogeneity, interference, qos, scheduling}
}

@article{Delforge2014DataAssessment,
    title = {\href{https://www.nrdc.org/sites/default/files/data-center-efficiency-assessment-IP.pdf}{{Data Center Efficiency Assessment}}},
    year = {2014},
    journal = {Natural Resources Defense Council (NRDC)},
    author = {Delforge, Pierre and Whitney, Josh},
    note = {\url{nrdc.org/sites/default/files/data-center-efficiency-assessment-IP.pdf}},
    month="May"
}

@INPROCEEDINGS{WuDynamo:System,
author={Wu, Qiang and Deng, Qingyuan and Ganesh, Lakshmi and Hsu, Chang-Hong and Jin, Yun and Kumar, Sanjeev and Li, Bin and Meza, Justin and Song, Yee Jiun}, 
booktitle={2016 ACM/IEEE 43rd Annual International Symposium on Computer Architecture (ISCA)}, 
title={\href{https://web.eecs.umich.edu/~hsuch/downloads/papers/pdfs/wu2016dynamo.pdf}{Dynamo: Facebook's Data Center-Wide Power Management System}}, 
year={2016}, 
pages={469-480}, 
keywords={computer centres;decision making;power aware computing;resource allocation;social networking (online);Dynamo;Facebook;data center power delivery hierarchy overloading circuit breaker tripping;data center power management system;data center power utilization;decision making;Facebook;Generators;Monitoring;Power demand;Power measurement;Production;Servers;data center;management;power}, 
doi={10.1109/ISCA.2016.48}, 
ISSN={1063-6897}, 
month={June},}



@misc{FacebookHttp://goo.gl/dKVnSB,
    author = "Facebook",
    editor = {{Facebook Inc.}},
    title = {\href{http://goo.gl/dKVnSB}{Facebook is opening a new wind-powered data center in Texas}},
     note = {\url{goo.gl/dKVnSB}},
     lastchecked = {17.09.2016},
}

@inproceedings{WonyoungKim2008SystemRegulators,
    title = {\href{http://ieeexplore.ieee.org/lpdocs/epic03/wrapper.htm?arnumber=4658633}{{System level analysis of fast, per-core DVFS using on-chip switching regulators}}},
    year = {2008},
    booktitle = {2008 IEEE 14th International Symposium on High Performance Computer Architecture},
    author = {Wonyoung Kim, Wonyoung and Gupta, Meeta S. and Wei, Gu-Yeon and Brooks, David},
    month = {2},
    pages = {123--134},
    publisher = {IEEE},
    url = {http://ieeexplore.ieee.org/lpdocs/epic03/wrapper.htm?arnumber=4658633},
    isbn = {978-1-4244-2070-4},
    doi = {10.1109/HPCA.2008.4658633},
    issn = {1530-0897},
    keywords = {Costs, Digital systems, Dynamic voltage scaling, Embedded system, Frequency, Microprocessors, Performance analysis, Regulators, System-on-a-chip, Voltage control, chip-multiprocessors, dynamic voltage and frequency scaling, fast per-core DVFS, microprocessor chips, multi-threaded workloads, multi-threading, nanosecond-scale voltage switching, on-chip switching regulators, power aware computing, switching functions, system level analysis, voltage regulators}
}

@inproceedings{Godycki2014EnablingNetworks,
 author = {Godycki, Waclaw and Torng, Christopher and Bukreyev, Ivan and Apsel, Alyssa and Batten, Christopher},
 title = {\href{http://dx.doi.org/10.1109/MICRO.2014.52}{Enabling Realistic Fine-Grain Voltage Scaling with Reconfigurable Power Distribution Networks}},
 booktitle = {Proceedings of the 47th Annual IEEE/ACM International Symposium on Microarchitecture},
 series = {MICRO-47},
 year = {2014},
 isbn = {978-1-4799-6998-2},
 location = {Cambridge, United Kingdom},
 pages = {381--393},
 numpages = {13},
 url = {http://dx.doi.org/10.1109/MICRO.2014.52},
 doi = {10.1109/MICRO.2014.52},
 acmid = {2742194},
 publisher = {IEEE Computer Society},
 address = {Washington, DC, USA},
} 


@inproceedings{Lo2014DynamicChips,
    title = {\href{http://ieeexplore.ieee.org/lpdocs/epic03/wrapper.htm?arnumber=6835969}{{Dynamic management of TurboMode in modern multi-core chips}}},
    year = {2014},
    booktitle = {2014 IEEE 20th International Symposium on High Performance Computer Architecture (HPCA)},
    author = {Lo, David and Kozyrakis, Christos},
    month = {2},
    pages = {603--613},
    publisher = {IEEE},
    url = {http://ieeexplore.ieee.org/lpdocs/epic03/wrapper.htm?arnumber=6835969},
    isbn = {978-1-4799-3097-5},
    doi = {10.1109/HPCA.2014.6835969},
    keywords = {Bridges, CPU dynamic overclocking, CPU-bound application acceleration, Clocks, ED2 metrics, Hardware, Interference, QPS-W metrics, Quality of service, Servers, TurboMode dynamic management, active core overclocking, background daemon, cost efficiency, efficiency metrics, energy-delay-squared product, hardware changes, hardware configuration, idle execution resources, microprocessor chips, multiprocessing systems, optimal TurboMode setting, power consumption, power headroom, resource allocation, server workload, shared resources, thermal headroom, x86 multicore chips}
}

@article{Eric2009TheSearch,
    title = {\href{http://conferences.oreilly.com/velocity/velocity2009/public/schedule/detail/8523}{{The User and Business Impact of Server Delays, Additional Bytes, and HTTP Chunking in Web Search}}},
    year = {2009},
    journal = {Velocity},
    author = {Eric, Schurman and Jake, Brutlag}
}

@article{Dean2013TheScale,
 author = {Dean, Jeffrey and Barroso, Luiz Andr{\'e}},
 title = {\href{http://doi.acm.org/10.1145/2408776.2408794}{The Tail at Scale}},
 journal = {Commun. ACM},
 issue_date = {February 2013},
 volume = {56},
 number = {2},
 month = feb,
 year = {2013},
 issn = {0001-0782},
 pages = {74--80},
 numpages = {7},
 url = {http://doi.acm.org/10.1145/2408776.2408794},
 doi = {10.1145/2408776.2408794},
 acmid = {2408794},
 publisher = {ACM},
 address = {New York, NY, USA},
} 

@inproceedings{Roy:2015:ISN:2785956.2787472,
 author = {Roy, Arjun and Zeng, Hongyi and Bagga, Jasmeet and Porter, George and Snoeren, Alex C.},
 title = {\href{http://doi.acm.org/10.1145/2785956.2787472}{Inside the Social Network's (Datacenter) Network}},
 booktitle = {Proceedings of the 2015 ACM Conference on Special Interest Group on Data Communication},
 series = {SIGCOMM '15},
 year = {2015},
 isbn = {978-1-4503-3542-3},
 location = {London, United Kingdom},
 pages = {123--137},
 numpages = {15},
 url = {http://doi.acm.org/10.1145/2785956.2787472},
 doi = {10.1145/2785956.2787472},
 acmid = {2787472},
 publisher = {ACM},
 address = {New York, NY, USA},
 keywords = {datacenter traffic patterns},
}

@inproceedings {180185,
author = {Nathan Bronson and Zach Amsden and George Cabrera and Prasad Chakka and Peter Dimov and Hui Ding and Jack Ferris and Anthony Giardullo and Sachin Kulkarni and Harry Li and Mark Marchukov and Dmitri Petrov and Lovro Puzar and Yee Jiun Song and Venkat Venkataramani},
title = {\href{https://www.usenix.org/conference/atc13/technical-sessions/presentation/bronson}{TAO: Facebook{\textquoteright}s Distributed Data Store for the Social Graph}},
booktitle = {Presented as part of the 2013 USENIX Annual Technical Conference (USENIX ATC 13)},
year = {2013},
isbn = {978-1-931971-01-0},
address = {San Jose, CA},
pages = {49--60},
url = {https://www.usenix.org/conference/atc13/technical-sessions/presentation/bronson},
publisher = {USENIX},
}

@article{Krishnan:2013:SOS:2710154.2710696,
 author = {Krishnan, Sunder Ram and Seelamantula, Chandra Sekhar},
 title = {\href{http://dx.doi.org/10.1109/TSP.2012.2225055}{On the Selection of Optimum Savitzky-Golay Filters}},
 journal = {Trans. Sig. Proc.},
 issue_date = {January 2013},
 volume = {61},
 number = {2},
 month = jan,
 year = {2013},
 issn = {1053-587X},
 pages = {380--391},
 numpages = {12},
 url = {http://dx.doi.org/10.1109/TSP.2012.2225055},
 doi = {10.1109/TSP.2012.2225055},
 acmid = {2710696},
 publisher = {IEEE Press},
 address = {Piscataway, NJ, USA},
}


@misc{NishtalaQuestionsHttp://comments.gmane.org/gmane.linux.power-management.general/73095,
    title = {\href{http://comments.gmane.org/gmane.linux.power-management.general/73095}{{Questions about sleep states on ARM Juno R0}}},
    note = {\url{comments.gmane.org/gmane.linux.power-management.general/73095}},
    author = {{Rajiv Nishtala}}
}

@article{DBLP:journals/ppl/VillebonnetCLPS15,
  author    = {Violaine Villebonnet and
               Georges Da Costa and
               Laurent Lef{\`{e}}vre and
               Jean{-}Marc Pierson and
               Patricia Stolf},
  title     = {\href{http://dblp.uni-trier.de/rec/bib/journals/ppl/VillebonnetCLPS15}{"Big, Medium, Little": Reaching Energy Proportionality with Heterogeneous Computing Scheduler}},
  journal   = {Parallel Processing Letters},
  volume    = {25},
  number    = {3},
  year      = {2015},
  url       = {http://dx.doi.org/10.1142/S0129626415410066},
  doi       = {10.1142/S0129626415410066},
  timestamp = {Thu, 22 Oct 2015 16:36:46 +0200},
  biburl    = {http://dblp.uni-trier.de/rec/bib/journals/ppl/VillebonnetCLPS15},
  bibsource = {dblp computer science bibliography, http://dblp.org}
}


@inproceedings{Nathuji2010Q-clouds,
    title = {\href{http://dl.acm.org/citation.cfm?id=1755938}{{Q-clouds: managing performance interference effects for QoS-aware clouds}}},
    year = {2010},
    booktitle = {Proceedings of the 5th European conference on Computer systems - EuroSys '10},
    author = {Nathuji, Ripal and Kansal, Aman and Ghaffarkhah, Alireza},
    month = {4},
    pages = {237},
    publisher = {ACM Press},
    url = {http://dl.acm.org/citation.cfm?id=1755913.1755938},
    address = {New York, New York, USA},
    isbn = {9781605585772},
    doi = {10.1145/1755913.1755938},
    keywords = {cloud computing, resource management, virtualization}
}
@inproceedings{Zhang2013CPI2,
    title = {\href{http://dl.acm.org/citation.cfm?id=2465388}{{CPI 2: CPU performance isolation for shared compute clusters}}},
    year = {2013},
    booktitle = {Proceedings of the 8th ACM European Conference on Computer Systems - EuroSys '13},
    author = {Zhang, Xiao and Tune, Eric and Hagmann, Robert and Jnagal, Rohit and Gokhale, Vrigo and Wilkes, John},
    month = {4},
    pages = {379},
    publisher = {ACM Press},
    url = {http://dl.acm.org/citation.cfm?id=2465351.2465388},
    address = {New York, New York, USA},
    isbn = {9781450319942},
    doi = {10.1145/2465351.2465388}
}

@inproceedings{Delimitrou2014Quasar,
    title = {\href{http://dl.acm.org/citation.cfm?id=2541941}{{Quasar: resource-efficient and QoS-aware cluster management}}},
    year = {2014},
    booktitle = {Proceedings of the 19th international conference on Architectural support for programming languages and operating systems - ASPLOS '14},
    author = {Delimitrou, Christina and Kozyrakis, Christos},
    pages = {127--144},
    publisher = {ACM Press},
    url = {http://dl.acm.org/citation.cfm?doid=2541940.2541941},
    address = {New York, New York, USA},
    isbn = {9781450323055},
    doi = {10.1145/2541940.2541941},
    keywords = {cloud computing, cluster management, datacenters, quality of service, resource allocation and assignment, resource efficiency}
}

@article{Wong:2016:PEA:3007787.3001188,
 author = {Wong, Daniel},
 title = {\href{http://doi.acm.org/10.1145/3007787.3001188}{Peak Efficiency Aware Scheduling for Highly Energy Proportional Servers}},
 journal = {SIGARCH Comput. Archit. News},
 issue_date = {June 2016},
 volume = {44},
 number = {3},
 month = jun,
 year = {2016},
 issn = {0163-5964},
 pages = {481--492},
 numpages = {12},
 url = {http://doi.acm.org/10.1145/3007787.3001188},
 doi = {10.1145/3007787.3001188},
 acmid = {3001188},
 publisher = {ACM},
 address = {New York, NY, USA},
 keywords = {energy efficiency, scheduling, servers}, } 

@inproceedings{Prekas:2015:EPW:2806777.2806848,
 author = {Prekas, George and Primorac, Mia and Belay, Adam and Kozyrakis, Christos and Bugnion, Edouard},
 title = {\href{http://doi.acm.org/10.1145/2806777.2806848}{Energy Proportionality and Workload Consolidation for Latency-critical Applications}},
 booktitle = {Proceedings of the Sixth ACM Symposium on Cloud Computing},
 series = {SoCC '15},
 year = {2015},
 isbn = {978-1-4503-3651-2},
 location = {Kohala Coast, Hawaii},
 pages = {342--355},
 numpages = {14},
 url = {http://doi.acm.org/10.1145/2806777.2806848},
 doi = {10.1145/2806777.2806848},
 acmid = {2806848},
 publisher = {ACM},
 address = {New York, NY, USA},
 keywords = {energy proportionality, latency-critical applications, microsecond-scale
     computing, workload consolidation}, } 

@inproceedings {199376,
author = {Kaushik Veeraraghavan and Justin Meza and David Chou and Wonho Kim and Sonia Margulis and Scott Michelson and Rajesh Nishtala and Daniel Obenshain and Dmitri Perelman and Yee Jiun Song},
title = {\href{https://www.usenix.org/conference/osdi16/technical-sessions/presentation/veeraraghavan}{Kraken: Leveraging Live Traffic Tests to Identify and Resolve Resource Utilization Bottlenecks in Large Scale Web Services}},
booktitle = {12th USENIX Symposium on Operating Systems Design and Implementation (OSDI 16)},
year = {2016},
isbn = {978-1-931971-33-1},
address = {GA},
pages = {635--651},
url = {https://www.usenix.org/conference/osdi16/technical-sessions/presentation/veeraraghavan},
publisher = {USENIX Association}, }

@INPROCEEDINGS{villebonnet:hal-01355452,
author = {Villebonnet, Violaine and Da Costa, Georges and Lef{\`e}vre, Laurent and Pierson, Jean-Marc and Stolf, Patricia},
booktitle={2016 28th International Symposium on Computer Architecture and High Performance Computing (SBAC-PAD)}, 
title={\href{http://ieeexplore.ieee.org/document/7789342/}{Energy Aware Dynamic Provisioning for Heterogeneous Data Centers}}, 
year={2016}, 
pages={206-213}, 
keywords={computer centres;computer facilities;energy conservation;power aware computing;power consumption;quality of service;QoS;energy aware dynamic provisioning algorithm;energy consumption;energy proportionality enhancement;energy-efficiency;heterogeneous data centers;heterogeneous infrastructure;load information;low power processors;power consumption;profiling data;quality of service;resource reconfiguration;Computer architecture;Heuristic algorithms;Measurement;Quality of service;Servers;Switches;Turning}, 
doi={10.1109/SBAC-PAD.2016.34}, 
month={Oct},}

@book{Puterman:1994:MDP:528623,
 author = {Puterman, Martin L.},
 title = {\href{http://dl.acm.org/citation.cfm?id=528623}{Markov Decision Processes: Discrete Stochastic Dynamic Programming}},
 year = {1994},
 isbn = {0471619779},
 edition = {1st},
 publisher = {John Wiley \& Sons, Inc.},
 address = {New York, NY, USA},
} 



@misc{paulbook,
    author={Joseph M. Williams},
    title="{\href{http://www.unalmed.edu.co/~poboyca/documentos/Doc.%20Seminario%20I/style.pdf}{Style Towards Clarity and Grace}}",
    note = {\url{unalmed.edu.co/~poboyca/documentos/Doc.%20Seminario%20I/style.pdf}},
    month="February",
    year = "2017"
    }

@article{Lo:2016:IRE:2912575.2882783,
 author = {Lo, David and Cheng, Liqun and Govindaraju, Rama and Ranganathan, Parthasarathy and Kozyrakis, Christos},
 title = {\href{http://dl.acm.org/citation.cfm?id=2882783}{Improving Resource Efficiency at Scale with Heracles}},
 journal = {ACM Trans. Comput. Syst.},
 issue_date = {May 2016},
 volume = {34},
 number = {2},
 month = may,
 year = {2016},
 issn = {0734-2071},
 pages = {6:1--6:33},
 articleno = {6},
 numpages = {33},
 url = {http://doi.acm.org/10.1145/2882783},
 doi = {10.1145/2882783},
 acmid = {2882783},
 publisher = {ACM},
 address = {New York, NY, USA},
 keywords = {Datacenter, QoS, interference, latency-critical applications, performance
     isolation, resource efficiency, scheduling, warehouse-scale computer}, } 


@inproceedings{NCAP:HPCA,
    title = {\href{https://sites.google.com/site/malian1369/publications}{{NCAP: Network-Driven, Packet Context-Aware Power Management for Client-Server Architecture}}},
    shorttitle = {2017 IEEE 23rd International Symposium on High Per},
    year = {2017},
    booktitle = {2017 IEEE 23rd International Symposium on High Performance Computer Architecture (HPCA)},
    author = {Alian, Mohammad and Abulila, H.M.O Ahmed and Jindal, Lokesh and Kim, Daehoon and Kim, Nam Sung},
    month = {2},
    publisher = {IEEE},
}


@inproceedings{Ipek:2008:SMC:1381306.1382172,
 author = {Ipek, Engin and Mutlu, Onur and Mart\'{\i}nez, Jos{\'e} F. and Caruana, Rich},
 title = {\href{http://dl.acm.org/citation.cfm?id=1382172}{Self-Optimizing Memory Controllers: A Reinforcement Learning Approach}},
 booktitle = {Proceedings of the 35th Annual International Symposium on Computer Architecture},
 series = {ISCA '08},
 year = {2008},
 isbn = {978-0-7695-3174-8},
 pages = {39--50},
 numpages = {12},
 url = {http://dx.doi.org/10.1109/ISCA.2008.21},
 doi = {10.1109/ISCA.2008.21},
 acmid = {1382172},
 publisher = {IEEE Computer Society},
 address = {Washington, DC, USA},
 keywords = {Chip Multiprocessors, Memory Systems, Memory Controller, Machine Learning, Reinforcement Learning},
}

@inproceedings{Delimitrou:2015:TRS:2806777.2806779,
 author = {Delimitrou, Christina and Sanchez, Daniel and Kozyrakis, Christos},
 title = {\href{http://dl.acm.org/citation.cfm?id=2806779}{Tarcil: Reconciling Scheduling Speed and Quality in Large Shared Clusters}},
 booktitle = {Proceedings of the Sixth ACM Symposium on Cloud Computing},
 series = {SoCC '15},
 year = {2015},
 isbn = {978-1-4503-3651-2},
 location = {Kohala Coast, Hawaii},
 pages = {97--110},
 numpages = {14},
 url = {http://doi.acm.org/10.1145/2806777.2806779},
 doi = {10.1145/2806777.2806779},
 acmid = {2806779},
 publisher = {ACM},
 address = {New York, NY, USA},
 keywords = {QoS, cloud computing, datacenters, resource-efficiency, scalability, scheduling},
} 

@inproceedings {199390,
author = {Ionel Gog and Malte Schwarzkopf and Adam Gleave and Robert N. M. Watson and Steven Hand},
title = {\href{https://www.usenix.org/conference/osdi16/technical-sessions/presentation/gog}{Firmament: Fast, Centralized Cluster Scheduling at Scale}},
booktitle = {12th USENIX Symposium on Operating Systems Design and Implementation (OSDI 16)},
year = {2016},
isbn = {978-1-931971-33-1},
address = {GA},
pages = {99--115},
url = {https://www.usenix.org/conference/osdi16/technical-sessions/presentation/gog},
publisher = {USENIX Association},
}

@inproceedings{43017,
title = {\href{https://research.google.com/pubs/pub43017.html}{Long-term {SLOs} for reclaimed cloud computing resources}},
author  = {Marcus Carvalho and Walfredo Cirne and Franciso Brasileiro and John Wilkes},
year  = 2014,
URL = {http://dl.acm.org/citation.cfm?id=2670999},
booktitle = {ACM Symposium on Cloud Computing (SoCC)},
pages = {20:1--20:13},
address = {Seattle, WA, USA}
}

@INPROCEEDINGS{7581261, 
author={H. Kasture and D. Sanchez}, 
booktitle={2016 IEEE International Symposium on Workload Characterization (IISWC)}, 
title={\href{http://ieeexplore.ieee.org/document/7581261/}{Tailbench: a benchmark suite and evaluation methodology for latency-critical applications}}, 
year={2016}, 
pages={1-10}, 
keywords={benchmark testing;computer centres;formal specification;program testing;software performance evaluation;Tailbench;benchmark suite;data center;hardware techniques;latency requirement;latency-critical application;latency-critical benchmark;latency-critical workload;multinode configuration;network overhead;performance metric;performance requirements;small predictable tail latency;software techniques;statistically sound load-testing method;Benchmark testing;C++ languages;Hardware;Microarchitecture;Robustness;Software;Speech recognition}, 
doi={10.1109/IISWC.2016.7581261}, 
month={Sept},}

@article{Delimitrou:2013:QSH:2542150.2556583,
 author = {Delimitrou, Christina and Kozyrakis, Christos},
 title = {\href{http://dl.acm.org/citation.cfm?id=2556583}{QoS-Aware Scheduling in Heterogeneous Datacenters with Paragon}},
 journal = {ACM Trans. Comput. Syst.},
 issue_date = {December 2013},
 volume = {31},
 number = {4},
 month = dec,
 year = {2013},
 issn = {0734-2071},
 pages = {12:1--12:34},
 articleno = {12},
 numpages = {34},
 url = {http://doi.acm.org/10.1145/2556583},
 doi = {10.1145/2556583},
 acmid = {2556583},
 publisher = {ACM},
 address = {New York, NY, USA},
 keywords = {Datacenter, QoS, cloud computing, heterogeneity, interference, resource-efficiency, scheduling},
}

@article{JanapaReddi:2010:WSU:1816038.1816002,
 author = {Janapa Reddi, Vijay and Lee, Benjamin C. and Chilimbi, Trishul and Vaid, Kushagra},
 title = {\href{http://dl.acm.org/citation.cfm?id=1816002}{Web Search Using Mobile Cores: Quantifying and Mitigating the Price of Efficiency}},
 journal = {SIGARCH Comput. Archit. News},
 issue_date = {June 2010},
 volume = {38},
 number = {3},
 month = jun,
 year = {2010},
 issn = {0163-5964},
 pages = {314--325},
 numpages = {12},
 url = {http://doi.acm.org/10.1145/1816038.1816002},
 doi = {10.1145/1816038.1816002},
 acmid = {1816002},
 publisher = {ACM},
 address = {New York, NY, USA},
 keywords = {bing, energy efficiency, mobile cores, web search}, } 

@misc{armscale,
    author= "John Russell", 
    title = {\href{https://www.hpcwire.com/2017/01/18/arm-waving-gathering-attention/}{{ARM} Waving: Attention, Deployments, and Development}},
    note = {\url{hpcwire.com/2017/01/18/arm-waving-gathering-attention/}},
    month = "February",
    year = "2017"
} 
