@inproceedings{Nishtala:2013:ETC:2555754.2555775,
 author = {Nishtala, Rajiv and Moss{\'e}, Daniel and Petrucci, Vinicius},
 title = {\href{http://dl.acm.org/citation.cfm?id=2555754.2555775}{Energy-aware Thread Co-location in Heterogeneous Multicore Processors}},
 booktitle = {Proceedings of the Eleventh ACM International Conference on Embedded Software},
 series = {EMSOFT '13},
 year = {2013},
 isbn = {978-1-4799-1443-2},
 location = {Montreal, Quebec, Canada},
 pages = {21:1--21:9},
 articleno = {21},
 numpages = {9},
 url = {http://dl.acm.org/citation.cfm?id=2555754.2555775},
 acmid = {2555775},
 publisher = {IEEE Press},
 address = {Piscataway, NJ, USA},
 keywords = {energy efficiency, heterogeneous multicore, multicore systems, shared resource contention, thread co-location},
}

@inproceedings{Nishtala:ICPP,
  author    = {Rajiv Nishtala and
               Marc Gonz{\'{a}}lez Tallada and
               Xavier Martorell},
  title     = {\href{http://dx.doi.org/10.1109/ICPPW.2015.29}{A Methodology to Build Models and Predict Performance-Power in CMPs}},
  booktitle = {44th International Conference on Parallel Processing Workshops, {ICPPW}
               2015, Beijing, China, September 1-4, 2015},
  pages     = {193--202},
  year      = {2015},
  url       = {http://dx.doi.org/10.1109/ICPPW.2015.29},
  doi       = {10.1109/ICPPW.2015.29},
  timestamp = {Thu, 31 Dec 2015 18:15:13 +0100},
}

@inproceedings{Nishtala:IGSC,
 author = {Nishtala, Rajiv and Xavier Martorell},
 title = {\href{https://nishtalaraj.files.wordpress.com/2016/10/pid4390435.pdf}{{REPP-C: Runtime Estimation of Performance-Power with Workload Consolidation in CMPs}}},
 booktitle = {Proceedings of the 7th International Green and Sustainable Computing Conference},
 series = {IGSC '16},
 year = {2016},
 location = {Hangzhou, China},
 publisher = {IEEE Press},
}

@inproceedings{Nishtala:HPCA,
 author = {Nishtala, Rajiv and Paul Carpenter and Vinicius Petrucci and Xavier Martorell},
 title = {\href{https://nishtalaraj.files.wordpress.com/2016/10/main.pdf}{{Hipster: Hybrid Task Manager for Latency-Critical Cloud Workloads}}},
 booktitle = {Proceedings of the 23rd Symposium on High Performance Computer Architecture},
 series = {HPCA'16},
 year = {2016},
 location = {Austin, USA},
 publisher = {IEEE Press},
}

@INPROCEEDINGS{Nishtala:SBACPAD,
author={Nishtala, Rajiv and Martorell, Xavier and Petrucci, Vinicius and Moss√©, Daniel}, 
booktitle={2016 28th International Symposium on Computer Architecture and High Performance Computing (SBAC-PAD)}, 
title={\href{http://ieeexplore.ieee.org/document/7789335/}{REPP-H: Runtime Estimation of Power and Performance on Heterogeneous Data Centers}}, 
year={2016}, 
pages={150-157}, 
keywords={computer architecture;computer centres;network servers;performance evaluation;power aware computing;power consumption;quality of service;AMD;ARM;Intel architectures;QoS;REPP-H;hardware performance counters;heterogeneous server architectures;multiple architectures;multiprogrammed workloads;power capping mechanism;power consumption minimization;power-performance trade-offs;quality of service;runtime estimation of performance and power on heterogeneous data centers;single-threaded workloads;Computer architecture;Monitoring;Ports (Computers);Power demand;Predictive models;Runtime;Servers;Performance;Power;dynamic voltage and frequency scaling;heterogeneity;modeling;performance monitoring counters}, 
doi={10.1109/SBAC-PAD.2016.27}, 
month={Oct},}

