@INPROCEEDINGS{6008553, 
author={Rountree, Barry and Lowenthal, David and Schulz, Martin and R. de Supinski, Bronis}, 
booktitle={2011 International Green Computing Conference and Workshops},
series = {IGCC 2011},
title={\href{http://ieeexplore.ieee.org/document/6008553/}{Practical performance prediction under Dynamic Voltage Frequency Scaling}}, 
year={2011}, 
pages={1-8}, 
keywords={benchmark testing;performance evaluation;power aware computing;regression analysis;Leading Loads Cycles;Leading Loads architectural model;NAS parallel benchmarks;SPEC CPU 2006 benchmarks;dynamic voltage frequency scaling;interval analysis model;large-scale DVFS runtime algorithm;linear regression model;performance counter;performance prediction;processor-independent analytic framework;Benchmark testing;Clocks;Computational modeling;Load modeling;Predictive models;Radiation detectors;Time frequency analysis}, 
doi={10.1109/IGCC.2011.6008553}, 
month={July},}



@misc{maillistperfmon, 
    title = {\href{https://sourceforge.net/p/perfmon2/mailman/message/34954001/}{Issues with libpfm4.7.0 and perf on ARM Juno r0}}, 
    author = "Stephanie Eranian", 
    note = {\url{sourceforge.net/p/perfmon2/mailman/message/34954001/}}, 
    month = "April",
    year = "2016"
}

@misc{perfmon2, 
    title = {\href{http://perfmon2.sourceforge.net}{Perfmon2: Improving Performance Monitoring on Linux}},
    author = "Stephanie Eranian", 
    note = {\url{perfmon2.sourceforge.net}},
    month = "April",
    year = "2016"
}

@misc{ARMRegisters, 
    author={ARM},
    title={\href{http://goo.gl/JryrgT}{ARM Juno Power}}, 
    note = {\url{goo.gl/JryrgT}},
    month = {April},
    year = {2016}
    }

@misc{wattsuppro,
    author={Wattsup Pro},
    title={\href{https://www.wattsupmeters.com/secure/products.php}{Wattsup Pro}},
    note = {\url{wattsupmeters.com/secure/products.php}},
    month = {April},
    year = {2016}
}


@inproceedings{Sanchez:2011:VSE:2000064.2000073,
    author = {Sanchez, Daniel and Kozyrakis, Christos},
    title = {\href{http://doi.acm.org/10.1145/2000064.2000073}{Vantage: Scalable and Efficient Fine-grain Cache Partitioning}},
    booktitle = {Proceedings of the 38th Annual International Symposium on Computer Architecture},
    series = {ISCA '11},
    year = {2011},
    isbn = {978-1-4503-0472-6},
    location = {San Jose, California, USA},
    pages = {57--68},
    numpages = {12},
    url = {http://doi.acm.org/10.1145/2000064.2000073},
    doi = {10.1145/2000064.2000073},
    acmid = {2000073},
    publisher = {ACM},
    address = {New York, NY, USA},
    keywords = {cache partitioning, multi-core, qos, shared cache},
}


@ARTICLE{5887296, 
author={Mars, J. and Lingjia Tang and Hundt, R.}, 
journal={Computer Architecture Letters}, 
title={\href{http://research.google.com/pubs/pub37676.html}{Heterogeneity in Homogeneous; Warehouse-Scale Computers: A Performance Opportunity}}, 
year={2011}, 
volume={10}, 
number={2}, 
pages={29-32}, 
keywords={computer centres;mainframes;datacenters;diverse commodity microarchitectures;homogeneous warehouse-scale computers;machine configurations;Benchmark testing;Computer architecture;Microarchitecture;Optimization;Design studies;Distributed architectures;Super (very large) computers;System architectures;integration and modeling}, 
doi={10.1109/L-CA.2011.14}, 
ISSN={1556-6056}, 
month={July},}

@inproceedings{Nathuji:2007:EPH:1270385.1270764,
 author = {Nathuji, Ripal and Isci, Canturk and Gorbatov, Eugene},
 title = {\href{http://dx.doi.org/10.1109/ICAC.2007.16}{Exploiting Platform Heterogeneity for Power Efficient Data Centers}},
 booktitle = {Proceedings of the Fourth International Conference on Autonomic Computing},
 series = {ICAC '07},
 year = {2007},
 isbn = {0-7695-2779-5},
 pages = {5--},
 url = {http://dx.doi.org/10.1109/ICAC.2007.16},
 doi = {10.1109/ICAC.2007.16},
 acmid = {1270764},
 publisher = {IEEE Computer Society},
 address = {Washington, DC, USA},
}


@misc{IntelNode,
    author = "Intel", 
    editor = {{Intel Corp.}},
    title = {\href{http://download.intel.com/support/motherboards/server/sysmgmt/sb/node_manager_white_paper.pdf}{Intel Intelligent Power Node Manager}},
     note = {\url{download.intel.com/support/motherboards/server/sysmgmt/sb/node_manager_white_paper.pdf}},
     month = "June",
     year = "2016"
}

@misc{IBMTivoli,
    author = "Intel Tivoli Management Framework",
    editor = {{IBM Corp.}},
    title = {\href{http://www-01.ibm.com/software/tivoli/products/mgt-framework/}{Intel Intelligent Power Node Manager}},
     note = {\url{ibm.com/software/tivoli/products/mgt-framework/}},
     month = "June",
     year = "2016"
}

@misc{Openstack,
    author = "Openstack",
    editor = {{OpenStack}},
    title = {\href{openstack.org}{OpenStack}},
    note = {\url{openstack.org}},
     month = "June",
     year = "2016"
}

@article{Singh:2009:RTP:1577129.1577137,
 author = {Singh, Karan and Bhadauria, Major and McKee, Sally A.},
 title = {\href{http://doi.acm.org/10.1145/1577129.1577137}{Real Time Power Estimation and Thread Scheduling via Performance Counters}},
 journal = {SIGARCH Comput. Archit. News},
 issue_date = {May 2009},
 volume = {37},
 number = {2},
 month = jul,
 year = {2009},
 issn = {0163-5964},
 pages = {46--55},
 numpages = {10},
 url = {http://doi.acm.org/10.1145/1577129.1577137},
 doi = {10.1145/1577129.1577137},
 acmid = {1577137},
 publisher = {ACM},
 address = {New York, NY, USA},
} 


@inproceedings{Bellosa:2000:BED:566726.566736,
 author = {Bellosa, Frank},
 title = {\href{https://os.itec.kit.edu/21_930.php}{{The Benefits of Event: Driven Energy Accounting in Power-sensitive Systems}}},
 booktitle = {Proceedings of the 9th Workshop on ACM SIGOPS European Workshop: Beyond the PC: New Challenges for the Operating System},
 series = {EW 9},
 year = {2000},
 location = {Kolding, Denmark},
 pages = {37--42},
 numpages = {6},
 doi = {10.1145/566726.566736},
 acmid = {566736},
 publisher = {ACM},
 address = {New York, NY, USA},
}

@inproceedings{Isci:2003:RPM:956417.956567,
 author = {Isci, Canturk and Martonosi, Margaret},
 title = {\href{http://dl.acm.org/citation.cfm?id=956567}{{Runtime Power Monitoring in High-End Processors: Methodology and Empirical Data}}},
 booktitle = {Proceedings of the 36th Annual IEEE/ACM International Symposium on Microarchitecture},
 series = {MICRO 36},
 year = {2003},
 isbn = {0-7695-2043-X},
 pages = {93--},
 acmid = {956567},
 publisher = {IEEE Computer Society},
 address = {Washington, DC, USA},
}

@inproceedings{Lewis:2010:CAP:1924920.1924929,
 author = {Lewis, Adam and Simon, Jim and Tzeng, Nian-Feng},
 title = {\href{https://www.usenix.org/legacy/event/hotpower10/tech/slides/lewis.pdf}{{Chaotic Attractor Prediction for Server Run-time Energy Consumption}}},
 booktitle = {Proceedings of the 2010 International Conference on Power Aware Computing and Systems},
 series = {HotPower'10},
 year = {2010},
 location = {Vancouver, BC, Canada},
 pages = {1--16},
 numpages = {16},
 acmid = {1924929},
 publisher = {USENIX Association},
 address = {Berkeley, CA, USA},
} 

@article{10.1109/TC.2012.97,
	author = {Bertran, Ramon and Gonzalez, Marc and Martorell, Xavier and Navarro, Nacho and Ayguade, Eduard},
	title = {\href{http://doi.ieeecomputersociety.org/10.1109/TC.2012.97}{{A Systematic Methodology to Generate Decomposable and Responsive Power Models for CMPs}}},
	journal ={IEEE Transactions on Computers},
	volume = {62},
	number = {7},
	issn = {0018-9340},
	year = {2013},
	pages = {1289-1302},
	doi = {http://doi.ieeecomputersociety.org/10.1109/TC.2012.97},
	publisher = {IEEE Computer Society},
	address = {Los Alamitos, CA, USA},
}

@INPROCEEDINGS{6114398,
author={E. Carlson, Trevor and Heirman, Wim and Eeckhout, Lieven},
booktitle={High Performance Computing, Networking, Storage and Analysis (SC), 2011 International Conference for},
title={\href{http://dl.acm.org/citation.cfm?id=2063454}{{Sniper: Exploring the level of abstraction for scalable and accurate parallel multi-core simulation}}},
year={2011},
month={Nov},
pages={1-12},
keywords={cache storage;digital simulation;multiprocessing systems;16-core system;8-core SMP machine;Sniper;abstraction level exploration;core larger numbers;core-uncore interactions;cycle-accurate simulation;hardware design space;high-performance computing;interval simulation;multithreaded workloads;on-chip cache memory;one-IPC simulation;parallel multicore simulation;processor architectures;Accuracy;Analytical models;Kernel;Load modeling;Multicore processing;Synchronization;Interval simulation;interval model;multi-core processor;performance modeling},}

@inproceedings{Miftakhutdinov:2012:PPI:2457472.2457493,
 author = {Miftakhutdinov, Rustam and Ebrahimi, Eiman and Patt, Yale N.},
 title = {\href{http://dl.acm.org/citation.cfm?id=2457493}{{Predicting Performance Impact of DVFS for Realistic Memory Systems}}},
 booktitle = {Proceedings of the 2012 45th Annual IEEE/ACM International Symposium on Microarchitecture},
 series = {MICRO-45},
 year = {2012},
 isbn = {978-0-7695-4924-8},
 location = {Vancouver, B.C., CANADA},
 pages = {155--165},
 numpages = {11},
 doi = {10.1109/MICRO.2012.23},
 acmid = {2457493},
 publisher = {IEEE Computer Society},
 address = {Washington, DC, USA},
} 

@inproceedings{Su:2014:POP:2742155.2742200,
 author = {Su, Bo and Gu, Junli and Shen, Li and Huang, Wei and Greathouse, Joseph L. and Wang, Zhiying},
 title = {\href{http://dl.acm.org/citation.cfm?id=2742200}{PPEP: Online Performance, Power, and Energy Prediction Framework and DVFS Space Exploration}},
 booktitle = {Proceedings of the 47th Annual IEEE/ACM Int'l Symposium on Microarchitecture},
 series = {MICRO-47},
 year = {2014},
 isbn = {978-1-4799-6998-2},
 location = {Cambridge, United Kingdom},
 pages = {445--457},
 numpages = {13},
 doi = {10.1109/MICRO.2014.17},
 acmid = {2742200},
 publisher = {IEEE Computer Society},
} 


@article{Bircher-PAAE,
 author = {Bircher, William Lloyd and John, Lizy K.},
 title = {\href{http://dx.doi.org/10.1109/TC.2011.47}{Complete System Power Estimation Using Processor Performance Events}},
 journal = {IEEE Trans. Comput.},
 issue_date = {April 2012},
 volume = {61},
 number = {4},
 month = apr,
 year = {2012},
 issn = {0018-9340},
 pages = {563--577},
 numpages = {15},
 url = {http://dx.doi.org/10.1109/TC.2011.47},
 doi = {10.1109/TC.2011.47},
 acmid = {2196987},
 publisher = {IEEE Computer Society},
 address = {Washington, DC, USA},
 keywords = {Energy-aware systems, evaluation, measurement, modeling, power management.},
} 

@inproceedings{Pusukuri-PAAE,
 author = {Pusukuri, Kishore Kumar and Vengerov, David and Fedorova, Alexandra},
 title = {\href{http://alumni.cs.ucr.edu/~kishore/papers/wiosca-09.pdf}{A Methodology for Developing Simple and Robust Power Models using Performance Monitoring Events}},
 booktitle = {Proceedings of the  Workshop Interaction between Operating Systems and Computer
Architecture},
 series = {WIOSCA 2009},
 year = {2009},
 publisher = {IEEE Computer Society},
 address = {Washington, DC, USA},
}

@article{Kanungo00anefficient,
 author = {Kanungo, Tapas and Mount, David M. and Netanyahu, Nathan S. and Piatko, Christine D. and Silverman, Ruth and Wu, Angela Y.},
 title = {\href{http://dx.doi.org/10.1109/TPAMI.2002.1017616}{An Efficient k-Means Clustering Algorithm: Analysis and Implementation}},
 journal = {IEEE Trans. Pattern Anal. Mach. Intell.},
 issue_date = {July 2002},
 volume = {24},
 number = {7},
 month = jul,
 year = {2002},
 issn = {0162-8828},
 pages = {881--892},
 numpages = {12},
 url = {http://dx.doi.org/10.1109/TPAMI.2002.1017616},
 doi = {10.1109/TPAMI.2002.1017616},
 acmid = {628801},
 publisher = {IEEE Computer Society},
 address = {Washington, DC, USA},
 keywords = {Pattern recognition, machine learning, data mining, k-means clustering, nearest-neighbor searching, k-d tree, computational geometry, knowledge discovery.},
}

@article{marc,
 author = {Chasapis, Dimitrios and Casas, Marc and Moret\'{o}, Miquel and Vidal, Raul and Ayguad{\'e}, Eduard and Labarta, Jes\'{u}s and Valero, Mateo},
 title = {\href{http://doi.acm.org/10.1145/2829952}{PARSECSs: Evaluating the Impact of Task Parallelism in the PARSEC Benchmark Suite}},
 journal = {ACM Trans. Archit. Code Optim.},
 issue_date = {January 2016},
 volume = {12},
 number = {4},
 month = dec,
 year = {2015},
 issn = {1544-3566},
 pages = {41:1--41:22},
 articleno = {41},
 numpages = {22},
 url = {http://doi.acm.org/10.1145/2829952},
 doi = {10.1145/2829952},
 acmid = {2829952},
 publisher = {ACM},
 address = {New York, NY, USA},
 keywords = {Parallel Applications, concurrency, parallel architectures, parallel benchmarks, parallel runtime systems, scalable applications, synchronization, task-based programming models},
} 

@article{Kang:2013:HPP:2499368.2451155,
 author = {Kang, Hui and Wong, Jennifer L.},
 title = {\href{http://doi.acm.org/10.1145/2499368.2451155}{To Hardware Prefetch or Not to Prefetch?: A Virtualized Environment Study and Core Binding Approach}},
 journal = {SIGPLAN Not.},
 issue_date = {April 2013},
 volume = {48},
 number = {4},
 month = mar,
 year = {2013},
 issn = {0362-1340},
 pages = {357--368},
 numpages = {12},
 url = {http://doi.acm.org/10.1145/2499368.2451155},
 doi = {10.1145/2499368.2451155},
 acmid = {2451155},
 publisher = {ACM},
 address = {New York, NY, USA},
 keywords = {prefetching, shared cache, virtualization},
} 
@article{Zhuravlev:2012:SST:2379776.2379780,
 author = {Zhuravlev, Sergey and Saez, Juan Carlos and Blagodurov, Sergey and Fedorova, Alexandra and Prieto, Manuel},
 title = {\href{http://dl.acm.org/citation.cfm?id=2379780}{{Survey of Scheduling Techniques for Addressing Shared Resources in Multicore Processors}}},
 journal = {ACM Comput. Surv.},
 issue_date = {November 2012},
 volume = {45},
 number = {1},
 month = dec,
 year = {2012},
 issn = {0360-0300},
 pages = {4:1--4:28},
 articleno = {4},
 numpages = {28},
 doi = {10.1145/2379776.2379780},
 acmid = {2379780},
 publisher = {ACM},
 address = {New York, NY, USA},
 keywords = {Survey, cooperative resource sharing, power-aware scheduling, shared resource contention, thermal effects, thread level scheduling},
}

@article{Srinivasan:2011:EIO:1945023.1945032,
 author = {Srinivasan, Sadagopan and Zhao, Li and Illikkal, Ramesh and Iyer, Ravishankar},
 title = {\href{http://dl.acm.org/citation.cfm?id=1945032}{{Efficient Interaction Between OS and Architecture in Heterogeneous Platforms}}},
 journal = {SIGOPS Oper. Syst. Rev.},
 issue_date = {January 2011},
 volume = {45},
 number = {1},
 month = feb,
 year = {2011},
 issn = {0163-5980},
 pages = {62--72},
 numpages = {11},
 doi = {10.1145/1945023.1945032},
 acmid = {1945032},
 publisher = {ACM},
 address = {New York, NY, USA},
 keywords = {heterogeneous platform, performance prediction, scheduling},
}

@inproceedings{Cochran:2011:PCA:2155620.2155641,
 author = {Cochran, Ryan and Hankendi, Can and Coskun, Ayse K. and Reda, Sherief},
 title = {\href{http://dl.acm.org/citation.cfm?id=2155641}{Pack \& Cap: Adaptive DVFS and Thread Packing Under Power Caps}},
 booktitle = {Proceedings of the 44th Annual IEEE/ACM International Symposium on Microarchitecture},
 series = {MICRO-44},
 year = {2011},
 isbn = {978-1-4503-1053-6},
 location = {Porto Alegre, Brazil},
 pages = {175--185},
 numpages = {11},
 url = {http://doi.acm.org/10.1145/2155620.2155641},
 doi = {10.1145/2155620.2155641},
 acmid = {2155641},
 publisher = {ACM},
 address = {New York, NY, USA},
} 



@inproceedings{Bilgir_exploringthe,
    author = {Ozlem Bilgir and Margaret Martonosi and Qiang Wu and Facebook Inc},
    title = {\href{http://mrmgroup.cs.princeton.edu/papers/obilgir-weed2011.pdf}{{Exploring the Potential of CMP Core Count Management on Data Center Energy Savings}}},
    booktitle = {Proceedings of the Workshop on Energy Efficient Design (WEED)},
    year = {2011},
    month={June}
}


@article{Lefurgy:2008:PCP:1355774.1355779,
 author = {Lefurgy, Charles and Wang, Xiaorui and Ware, Malcolm},
 title = {\href{http://researcher.watson.ibm.com/researcher/files/us-lefurgy/cc2007submit.pdf}{{Power Capping: A Prelude to Power Shifting}}},
 journal = {Cluster Computing},
 issue_date = {June      2008},
 volume = {11},
 number = {2},
 month = jun,
 year = {2008},
 issn = {1386-7857},
 pages = {183--195},
 numpages = {13},
 doi = {10.1007/s10586-007-0045-4},
 acmid = {1355779},
 publisher = {Kluwer Academic Publishers},
 address = {Hingham, MA, USA},
 keywords = {Feedback control, Power budget, Power capping, Power management, Power shifting, Power supplies, Provisioning, Servers},
}

@inproceedings{McCullough:2011:EEM:2002181.2002193,
 author = {McCullough, John C. and Agarwal, Yuvraj and Chandrashekar, Jaideep and Kuppuswamy, Sathyanarayan and Snoeren, Alex C. and Gupta, Rajesh K.},
 title = {\href{http://dl.acm.org/citation.cfm?id=2002193}{{Evaluating the Effectiveness of Model-based Power Characterization}}},
 booktitle = {Proceedings of the 2011 USENIX Conference on USENIX Annual Technical Conference},
 series = {USENIXATC'11},
 year = {2011},
 location = {Portland, OR},
 pages = {12--12},
 numpages = {1},
 acmid = {2002193},
 publisher = {USENIX Association},
 address = {Berkeley, CA, USA},
} 

@INPROCEEDINGS{6974701,
author={Imamura, Satoshi and Sasaki, Hiroshi and Inoue, Koji and S. Nikolopoulos, Dimitrios},
booktitle={Computer Design (ICCD), 2014 32nd IEEE International Conference on},
title={\href{http://ieeexplore.ieee.org/document/6974701/?reload=true&arnumber=6974701}{{Power-capped DVFS and thread allocation with ANN models on modern NUMA systems}}},
year={2014},
month={Oct},
pages={324-331},
keywords={microprocessor chips;network servers;neural nets;AMD Opteron;ANN models;DVFS;NUMA systems;artificial neural network;contemporary server processors;cost management;dynamic voltage and frequency scaling;nonuniform memory access;power budgeting;power capping;power caps;server systems;Artificial neural networks;Benchmark testing;Instruction sets;Linux;Power demand;Predictive models;Resource management},
doi={10.1109/ICCD.2014.6974701},}

@inproceedings{Becchi:2006:DTA:1128022.1128029,
 author = {Becchi, Michela and Crowley, Patrick},
 title = {\href{http://dl.acm.org/citation.cfm?id=1128029}{{Dynamic Thread Assignment on Heterogeneous Multiprocessor Architectures}}},
 booktitle = {Proceedings of the 3rd Conference on Computing Frontiers},
 series = {CF '06},
 year = {2006},
 isbn = {1-59593-302-6},
 location = {Ischia, Italy},
 pages = {29--40},
 numpages = {12},
 doi = {10.1145/1128022.1128029},
 acmid = {1128029},
 publisher = {ACM},
 address = {New York, NY, USA},
 keywords = {chip multiprocessor, heterogeneous architectures, simulation},
} 

@article{Gandhi:2010:OAE:1869138.1869264,
 author = {Gandhi, Anshul and Gupta, Varun and Harchol-Balter, Mor and Kozuch, Michael A.},
 title = {\href{http://www.cs.cmu.edu/~./anshulg/perf_power_2010.pdf}{{Optimality Analysis of Energy-performance Trade-off for Server Farm Management}}},
 journal = {Perform. Eval.},
 issue_date = {November, 2010},
 volume = {67},
 number = {11},
 month = nov,
 year = {2010},
 issn = {0166-5316},
 pages = {1155--1171},
 numpages = {17},
 doi = {10.1016/j.peva.2010.08.009},
 acmid = {1869264},
 publisher = {Elsevier Science Publishers B. V.},
 address = {Amsterdam, The Netherlands, The Netherlands},
 keywords = {Capacity provisioning, Data centers, Energy-delay product, Performance-per-Watt, Power management, Setup costs},
} 
@inproceedings{Brooks:2000:WFA:339647.339657,
 author = {Brooks, David and Tiwari, Vivek and Martonosi, Margaret},
 title = {\href{http://dl.acm.org/citation.cfm?id=339657}{{Wattch: A Framework for Architectural-level Power Analysis and Optimizations}}},
 booktitle = {Proceedings of the 27th Annual International Symposium on Computer Architecture},
 series = {ISCA '00},
 year = {2000},
 isbn = {1-58113-232-8},
 location = {Vancouver, British Columbia, Canada},
 pages = {83--94},
 numpages = {12},
 doi = {10.1145/339647.339657},
 acmid = {339657},
 publisher = {ACM},
 address = {New York, NY, USA},
}
@inproceedings{Gandhi:2009:OPA:1555349.1555368,
 author = {Gandhi, Anshul and Harchol-Balter, Mor and Das, Rajarshi and Lefurgy, Charles},
 title = {\href{http://dl.acm.org/citation.cfm?id=1555349.1555368}{{Optimal Power Allocation in Server Farms}}},
 booktitle = {Proceedings of the Eleventh International Joint Conference on Measurement and Modeling of Computer Systems},
 series = {SIGMETRICS '09},
 year = {2009},
 isbn = {978-1-60558-511-6},
 location = {Seattle, WA, USA},
 pages = {157--168},
 numpages = {12},
 doi = {10.1145/1555349.1555368},
 acmid = {1555368},
 publisher = {ACM},
 address = {New York, NY, USA},
 keywords = {data center, power management, power-to-frequency, response time, server farm},
} 

@INPROCEEDINGS{6604487,
author={A. Haque, Mohammad and Aydin, Hakan and Zhu, Dakai},
booktitle={Green Computing Conference (IGCC), 2013 International},
title={\href{http://ieeexplore.ieee.org/document/6604487/}{{Energy management of standby-sparing systems for fixed-priority real-time workloads}}},
year={2013},
month={June},
pages={1-10},
keywords={embedded systems;energy consumption;energy management systems;fault tolerance;power aware computing;power system reliability;queueing theory;DPM technique;DVS technique;backup tasks;design objectives;dual-queue mechanism;energy consumption;energy management;energy savings;fault tolerance;fixed-priority periodic real-time tasks;fixed-priority real-time workloads;online algorithms;primary processor;real-time embedded systems;reliability improvements;spare processor;standby-sparing scheme;standby-sparing systems;standby-sparing technique;time-redundancy based techniques;Circuit faults;Real-time systems;Reliability;Schedules;Time factors;Transient analysis;Voltage control},
doi={10.1109/IGCC.2013.6604487},}

@misc{FBsweden,
    author = "The Guardian",
    editor = {{Luke Harding}},
    title = {\href{https://www.theguardian.com/technology/2015/sep/25/facebook-datacentre-lulea-sweden-node-pole}{The node pole: inside Facebook's Swedish hub near the Arctic Circle}},
     note = {\url{theguardian.com/technology/2015/sep/25/facebook-datacentre-lulea-sweden-node-pole}},
    month = "September",
    year = "2016"
}

@misc{Googledatacentre,
    author = "Google",
    editor = {{Google Inc.}},
    title = {\href{https://www.google.com/green/efficiency/datacenters/}{Designing efficient data centers}},
     note = {\url{google.com/green/efficiency/datacenters/}},
    month = "September",
    year = "2016"
}

@misc{hikari,
    author = "Jorge Salazar",
    editor = {{Phys.org}},
    title = {\href{http://m.phys.org/news/2016-09-hikari-supercomputer-solar-hvdc.html}{New Hikari supercomputer starts solar HVDC}},
     note = {\url{m.phys.org/news/2016-09-hikari-supercomputer-solar-hvdc.html}},
    month = "September",
    year = "2016"
}


@INPROCEEDINGS{4544393, 
author={K. Patterson, Michael}, 
booktitle={Thermal and Thermomechanical Phenomena in Electronic Systems, 2008. ITHERM 2008. 11th Intersociety Conference on}, 
title={\href{http://citeseerx.ist.psu.edu/viewdoc/summary?doi=10.1.1.522.4334}{The effect of data center temperature on energy efficiency}}, 
year={2008}, 
pages={1167-1174}, 
keywords={cooling;data communication equipment;temperature;thermodynamics;IT equipment;cooling system architecture;data center location;data center server ambient inlet temperature;data center temperature;energy efficiency;operational complexity;power density;reliability issues;room energy;thermodynamic analysis;utility connection;Computer industry;Cooling;Costs;Energy efficiency;Heat sinks;Information technology;Moore's Law;Performance gain;Silicon;Temperature;Economizer;Energy Efficiency;Fan Power;PUE;Room Temperature;Server;Thermal Management}, 
doi={10.1109/ITHERM.2008.4544393}, 
ISSN={1087-9870}, 
month={May},}

@inproceedings{yingxin,
author={Yingxin Wang and Yan Cui and Pin Tao and Haining Fan and Yu Chen and Yuanchun Shi},
booktitle={Parallel and Distributed Processing Workshops and Phd Forum (IPDPSW), 2011 IEEE International Symposium on},
title={\href{http://ieeexplore.ieee.org/document/6008947/?reload=true&arnumber=6008947}{Reducing Shared Cache Contention by Scheduling Order Adjustment on Commodity Multi-cores}},
year={2011},
pages={984-992},
keywords={cache storage;processor scheduling;shared memory systems;statistical analysis;cache requirement statistics;cache-aware coscheduling;commodity multicore;dynamic SOA;dynamic scheduling order adjustment;last level cache;multicore processor;multicore system;multiprogrammed NAS workload;offline profiling;shared cache contention;static SOA;static scheduling order adjustment;task coscheduling;Arrays;Degradation;Kernel;Measurement;Radiation detectors;Scheduling;Semiconductor optical amplifiers},
doi={10.1109/IPDPS.2011.248},
ISSN={1530-2075},
month={May},}

@misc{lkmlerror,
  title = {\href{https://lkml.org/lkml/2015/5/1/29}{{mce\_restart()} race with CPU hotplug operation}},
  author = {Ethan Zhao},
  editor= {lkml.org},
  note = {\url{lkml.org/lkml/2015/5/1/29}},
  month = "September",
  year ="2015"
}

@misc{sysfstool,
  author = {Linux Kernel},
  title = {\href{https://www.kernel.org/doc/Documentation/ABI/testing/sysfs-devices-system-cpu}{{sysfs} devices}},
  note = {\url{kernel.org/doc/Documentation/ABI/testing/sysfs-devices-system-cpu}},
  month = "January",
  year = "2015"
}

@misc{powerclamp,
  author = {Intel},
  title = {\href{https://www.kernel.org/doc/Documentation/thermal/intel_powerclamp.txt}{{Power Clamp Driver}}},
  note = {\url{kernel.org/doc/Documentation/thermal/intel_powerclamp.txt}},
  month="October",
  year = "2016"
}


@article{Olsen:2006:PEP:1137248.1137532,
 author = {Olsen, C. Michael and Narayanaswami, Chandra},
 title = {\href{http://dx.doi.org/10.1109/TMC.2006.103}{PowerNap: An Efficient Power Management Scheme for Mobile Devices}},
 journal = {IEEE Transactions on Mobile Computing},
 issue_date = {July 2006},
 volume = {5},
 number = {7},
 month = jul,
 year = {2006},
 issn = {1536-1233},
 pages = {816--828},
 numpages = {13},
 url = {http://dx.doi.org/10.1109/TMC.2006.103},
 doi = {10.1109/TMC.2006.103},
 acmid = {1137532},
 publisher = {IEEE Educational Activities Department},
 address = {Piscataway, NJ, USA},
 keywords = {Power management, Power management, operating systems, mobile systems, processors., mobile systems, operating systems, processors.},
} 

@article{Zhuravlev:2013:SES:2498743.2498946,
 author = {Zhuravlev, Sergey and Saez, Juan Carlos and Blagodurov, Sergey and Fedorova, Alexandra and Prieto, Manuel},
 title = {\href{http://dx.doi.org/10.1109/TPDS.2012.20}{Survey of Energy-Cognizant Scheduling Techniques}},
 journal = {IEEE Trans. Parallel Distrib. Syst.},
 issue_date = {July 2013},
 volume = {24},
 number = {7},
 month = jul,
 year = {2013},
 issn = {1045-9219},
 pages = {1447--1464},
 numpages = {18},
 url = {http://dx.doi.org/10.1109/TPDS.2012.20},
 doi = {10.1109/TPDS.2012.20},
 acmid = {2498946},
 publisher = {IEEE Press},
 address = {Piscataway, NJ, USA},
 keywords = {Thermal management,Energy consumption,Heuristic algorithms,Processor scheduling,Hardware,Instruction sets,cooperative resource sharing,Survey,shared resource contention,thread level scheduling,power-aware scheduling,thermal effects,asymmetric multicore processors},
}

@inproceedings{Mars:2011:BIU:2155620.2155650,
 author = {Mars, Jason and Tang, Lingjia and Hundt, Robert and Skadron, Kevin and Soffa, Mary Lou},
 title = {\href{http://doi.acm.org/10.1145/2155620.2155650}{Bubble-Up: Increasing Utilization in Modern Warehouse Scale Computers via Sensible Co-locations}},
 booktitle = {Proceedings of the 44th Annual IEEE/ACM International Symposium on Microarchitecture},
 series = {MICRO-44},
 year = {2011},
 isbn = {978-1-4503-1053-6},
 location = {Porto Alegre, Brazil},
 pages = {248--259},
 numpages = {12},
 url = {http://doi.acm.org/10.1145/2155620.2155650},
 doi = {10.1145/2155620.2155650},
 acmid = {2155650},
 publisher = {ACM},
 address = {New York, NY, USA},
}

@inproceedings{Mars:2011:DCC:1944862.1944887,
 author = {Mars, Jason and Tang, Lingjia and Soffa, Mary Lou},
 title = {\href{http://doi.acm.org/10.1145/1944862.1944887}{Directly Characterizing Cross Core Interference Through Contention Synthesis}},
 booktitle = {Proceedings of the 6th International Conference on High Performance and Embedded Architectures and Compilers},
 series = {HiPEAC '11},
 year = {2011},
 isbn = {978-1-4503-0241-8},
 location = {Heraklion, Greece},
 pages = {167--176},
 numpages = {10},
 url = {http://doi.acm.org/10.1145/1944862.1944887},
 doi = {10.1145/1944862.1944887},
 acmid = {1944887},
 publisher = {ACM},
 address = {New York, NY, USA},
 keywords = {contention, cross-core interference, dynamic analysis, execution runtimes, multicore, profiling framework, program understanding},
}


@article{Blagodurov:2010:CSM:1880018.1880019,
 author = {Blagodurov, Sergey and Zhuravlev, Sergey and Fedorova, Alexandra},
 title = {\href{http://doi.acm.org/10.1145/1880018.1880019}{Contention-Aware Scheduling on Multicore Systems}},
 journal = {ACM Trans. Comput. Syst.},
 issue_date = {December 2010},
 volume = {28},
 number = {4},
 month = dec,
 year = {2010},
 issn = {0734-2071},
 pages = {8:1--8:45},
 articleno = {8},
 numpages = {45},
 url = {http://doi.acm.org/10.1145/1880018.1880019},
 doi = {10.1145/1880018.1880019},
 acmid = {1880019},
 publisher = {ACM},
 address = {New York, NY, USA},
 keywords = {Multicore processors, scheduling, shared resource contention},
} 

@misc{Google:PUE,
    author = {Google},
    title = {\href{https://www.google.com/about/datacenters/efficiency/internal/}{{Efficiency: How we do it}}},
    month = "October",
    year = "2016",
    note = {\url{google.com/about/datacenters/efficiency/internal/}},
}

@misc{FEMP,
    author = {U.S Department of Energy},
    title = {\href{http://energy.gov/eere/femp/energy-efficiency-data-centers}{{Energy Efficiency In Data Centers}}},
    lastchecked = {13.10.2016},
    note = {\url{energy.gov/eere/femp/energy-efficiency-data-centers}},
}

@misc{MSOFTgdc,
    author = {Microsoft},
    title = {\href{https://www.microsoft.com/en-us/cloud-platform/global-datacenters}{{Microsoft Global Datacenters}}},
    lastchecked = {13.10.2016},
    note = {\url{microsoft.com/en-us/cloud-platform/global-datacenters}},
}


@inproceedings{Huang2000AManagement, 
    title = {\href{http://portal.acm.org/citation.cfm?doid=360128.360149}{{A framework for dynamic energy efficiency and temperature management}}}, 
    year = {2000}, 
    booktitle = {Proceedings of the 33rd annual ACM/IEEE international symposium on Microarchitecture  - MICRO 33}, 
    author = {Huang, Michael and Renau, Jose and Yoo, Seung-Moon and Torrellas, Josep}, 
    pages = {202--213}, 
    publisher = {ACM Press}, 
    url = {http://portal.acm.org/citation.cfm?doid=360128.360149}, 
    address = {New York, New York, USA}, 
    isbn = {1581131968}, 
    doi = {10.1145/360128.360149} 
}
    
    
    
@inproceedings{Isci2006AnBudget, 
    title = {\href{http://ieeexplore.ieee.org/lpdocs/epic03/wrapper.htm?arnumber=4041859}{{An Analysis of Efficient Multi-Core Global Power Management Policies: Maximizing Performance for a Given Power Budget}}}, 
    year = {2006}, 
    booktitle = {2006 39th Annual IEEE/ACM International Symposium on Microarchitecture (MICRO'06)}, 
    author = {Isci, Canturk and Buyuktosunoglu, Alper and Cher, Chen-yong and Bose, Pradip and Martonosi, Margaret},
    month = {12}, 
    pages = {347--358}, 
    publisher = {IEEE}, 
    url = {http://ieeexplore.ieee.org/lpdocs/epic03/wrapper.htm?arnumber=4041859}, 
    isbn = {0-7695-2732-9}, 
    doi = {10.1109/MICRO.2006.8}, 
    issn = {1072-4451}, 
    keywords = {Degradation, Dynamic scheduling, Dynamic voltage scaling, Energy management,
            Financial management, Frequency, Knowledge management, Performance analysis,
            Throughput, Yarn, chip-level power budget, chip-level throughput performance,
            dynamic voltage-frequency scaling, low-power electronics, microprocessor
                chips, multicore global power management policies, per-core DVFS knob,
            power aware computing} 
}



@article{Singh2009RealCounters, 
    title = {\href{http://portal.acm.org/citation.cfm?doid=1577129.1577137}{{Real time power estimation and thread scheduling via performance counters}}}, 
    year = {2009}, 
    journal = {ACM SIGARCH Computer Architecture News}, 
    author = {Singh, Karan and Bhadauria, Major and McKee, Sally A.}, 
    number = {2}, 
    month = {7}, 
    pages = {46}, 
    volume = {37}, 
    publisher = {ACM}, 
    url = {http://portal.acm.org/citation.cfm?doid=1577129.1577137}, 
    doi = {10.1145/1577129.1577137}, 
    issn = {01635964} }

@inproceedings{Blagodurov2010ASystems, 
    title = {\href{http://portal.acm.org/citation.cfm?doid=1854273.1854350}{{A case for NUMA-aware contention management on multicore systems}}}, 
    year = {2010}, 
    booktitle = {Proceedings of the 19th international conference on Parallel architectures and compilation techniques - PACT '10}, 
    author = {Blagodurov, Sergey and Zhuravlev, Sergey and Fedorova, Alexandra and Kamali, Ali}, 
    pages = {557}, 
    publisher = {ACM Press}, 
    url = {http://portal.acm.org/citation.cfm?doid=1854273.1854350}, 
    address = {New York, New York, USA}, 
    isbn = {9781450301787}, 
    doi = {10.1145/1854273.1854350},
    keywords = {NUMA systems, multicore processors, scheduling, shared resource contention} 
}

@INPROCEEDINGS{6270741, 
author={Rountree, Barry and Ahn, Dong and R. de Supinski, Bronis and K. Lowenthal, David and Schulz, Martin}, 
booktitle={Parallel and Distributed Processing Symposium Workshops PhD Forum (IPDPSW), 2012 IEEE 26th International}, 
title={\href{http://ieeexplore.ieee.org/document/6270741/}{Beyond DVFS: A First Look at Performance under a Hardware-Enforced Power Bound}}, 
year={2012}, 
pages={947-953}, 
keywords={parallel machines;power aware computing;DVFS:;HPC;Intel Sandy Bridge processor family;MG;NAS parallel benchmarks;dynamic voltage frequency scaling;hardware-enforced processor power bounds;high-performance computing;processor power efficiency;Benchmark testing;Clamps;Computer architecture;Power demand;Power measurement;Program processors;Time measurement;Power bound;RAPL}, 
doi={10.1109/IPDPSW.2012.116}, 
month={May},}



@article{Schone:2015:WLP:2766527.2766547,
 author = {Sch\"{o}ne, Robert and Molka, Daniel and Werner, Michael},
 title = {\href{http://dx.doi.org/10.1007/s00450-014-0270-z}{Wake-up Latencies for Processor Idle States on Current x86 Processors}},
 journal = {Comput. Sci.},
 issue_date = {May 2015},
 volume = {30},
 number = {2},
 month = may,
 year = {2015},
 issn = {1865-2034},
 pages = {219--227},
 numpages = {9},
 url = {http://dx.doi.org/10.1007/s00450-014-0270-z},
 doi = {10.1007/s00450-014-0270-z},
 acmid = {2766547},
 publisher = {Springer-Verlag New York, Inc.},
 address = {Secaucus, NJ, USA},
 keywords = {C-state, Idle-state, Idle-times, Performance measurement, Power management},
}


@inproceedings{Fisher:2009:TGR:1548886.1549641,
 author = {Fisher, Nathan and Chen, Jian-Jia and Wang, Shengquan and Thiele, Lothar},
 title = {\href{http://dx.doi.org/10.1109/RTAS.2009.34}{Thermal-Aware Global Real-Time Scheduling on Multicore Systems}},
 booktitle = {Proceedings of the 2009 15th IEEE Symposium on Real-Time and Embedded Technology and Applications},
 series = {RTAS '09},
 year = {2009},
 isbn = {978-0-7695-3636-1},
 pages = {131--140},
 numpages = {10},
 url = {http://dx.doi.org/10.1109/RTAS.2009.34},
 doi = {10.1109/RTAS.2009.34},
 acmid = {1549641},
 publisher = {IEEE Computer Society},
 address = {Washington, DC, USA},
 keywords = {Thermal-aware scheduling, Dynamic voltage scaling, Global real-time scheduling, Multicore systems},
} 


@inproceedings{Henkel:2016:TPR:2971808.2971810,
 author = {Henkel, J\"{o}rg and Pagani, Santiago and Khdr, Heba and Kriebel, Florian and Rehman, Semeen and Shafique, Muhammad},
 title = {\href{http://dl.acm.org/citation.cfm?id=2971808.2971810}{Towards Performance and Reliability-efficient Computing in the Dark Silicon Era}},
 booktitle = {Proceedings of the 2016 Conference on Design, Automation \& Test in Europe},
 series = {DATE '16},
 year = {2016},
 isbn = {978-3-9815370-6-2},
 location = {Dresden, Germany},
 pages = {1--6},
 numpages = {6},
 url = {http://dl.acm.org/citation.cfm?id=2971808.2971810},
 acmid = {2971810},
 publisher = {EDA Consortium},
 address = {San Jose, CA, USA},
}

@INPROCEEDINGS{1598119, 
author={Isci, Canturk and Martonosi, Margaret}, 
booktitle={The Twelfth International Symposium on High-Performance Computer Architecture, 2006.}, 
title={\href{http://ieeexplore.ieee.org/document/1598119/}{Phase characterization for power: evaluating control-flow-based and event-counter-based techniques}}, 
year={2006}, 
pages={121-132}, 
keywords={benchmark testing;computer architecture;performance evaluation;power consumption;SPEC2000 benchmark;basic block vector;code-oriented technique;control-flow sampling;event counter;mainstream desktop application;performance counter;power consumption;power phase characterization;real-system power measurement;Counting circuits;Energy consumption;Hardware;Performance analysis;Phase measurement;Power measurement;Power system management;Runtime;Sampling methods;Software systems}, 
doi={10.1109/HPCA.2006.1598119}, 
ISSN={1530-0897}, 
month={Feb},}


@INPROCEEDINGS{6008552, 
author={Spiliopoulos, Vasileios and Kaxiras, Stefanos and Keramidas, Georgios}, 
booktitle={Green Computing Conference and Workshops (IGCC), 2011 International}, 
title={\href{http://ieeexplore.ieee.org/document/6008552/}{Green governors: A framework for Continuously Adaptive DVFS}}, 

year={2011}, 
pages={1-8}, 
keywords={Linux;energy conservation;power aware computing;AMD Phenom II processors;ED2P;EDP;Intel i7;Linux systems;continuously adaptive dynamic voltage-frequency scaling;frequency scaling;green governors;memory bound programs;memory bound workloads;off chip voltage regulators;power efficiency;Energy measurement;Linux;Power measurement;Program processors;Radiation detectors;Time frequency analysis;DVFS;Performance Monitoring Hardware;Performance and Power Modeling}, 
doi={10.1109/IGCC.2011.6008552}, 
month={July},}

@article{Hoffmann:2011:DKR:1961296.1950390,
 author = {Hoffmann, Henry and Sidiroglou, Stelios and Carbin, Michael and Misailovic, Sasa and Agarwal, Anant and Rinard, Martin},
 title = {\href{http://doi.acm.org/10.1145/1961296.1950390}{Dynamic Knobs for Responsive Power-aware Computing}},
 journal = {SIGPLAN Not.},
 issue_date = {March 2011},
 volume = {46},
 number = {3},
 month = mar,
 year = {2011},
 issn = {0362-1340},
 pages = {199--212},
 numpages = {14},
 url = {http://doi.acm.org/10.1145/1961296.1950390},
 doi = {10.1145/1961296.1950390},
 acmid = {1950390},
 publisher = {ACM},
 address = {New York, NY, USA},
 keywords = {accuracy-aware computing, power-aware computing, self-aware systems},
}


@ARTICLE{6266671, 
author={Reda, Sherief and Cochran, Ryan and Coskun, Ayse}, 
journal = {Proceedings of the 2012 45th Annual IEEE/ACM International Symposium on Microarchitecture},
title={\href{http://ieeexplore.ieee.org/document/6266671/?reload=true&arnumber=6266671}{Adaptive Power Capping for Servers with Multithreaded Workloads}}, 
year={2012}, 
volume={32}, 
number={5}, 
pages={64-75}, 
keywords={file servers;multi-threading;power aware computing;DVFS configuration;adaptive power capping;computer cluster;dynamic voltage and frequency scaling;multithreaded workload;pack-and-cap methodology;Benchmark testing;Energy efficiency;Instruction sets;Multicore processing;Power demand;Power measurement;Power system management;Runtime;Servers;Pack and Cap;adaptive computing;energy efficiency;power management;thread packing}, 
doi={10.1109/MM.2012.59}, 
ISSN={0272-1732}, 
month={Sept},}

@inproceedings{Patki:2013:EHO:2464996.2465009,
 author = {Patki, Tapasya and Lowenthal, David K. and Rountree, Barry and Schulz, Martin and de Supinski, Bronis R.},
 title = {\href{http://dl.acm.org/citation.cfm?id=2465009}{{Exploring Hardware Overprovisioning in Power-constrained, High Performance Computing}}},
 booktitle = {Proceedings of the 27th International ACM Conference on International Conference on Supercomputing},
 series = {ICS '13},
 year = {2013},
 isbn = {978-1-4503-2130-3},
 location = {Eugene, Oregon, USA},
 pages = {173--182},
 numpages = {10},
 doi = {10.1145/2464996.2465009},
 acmid = {2465009},
 publisher = {ACM},
 address = {New York, NY, USA},
 keywords = {high-performance computing, overprovisioned, power, rapl},
}


@misc{Das09powercapping,
    author = {Rajarshi Das and Mor Harchol-balter and Anshul Gandhi and Jeffrey O. Kephart and Charles Lefurgy},
    title = {\href{http://repository.cmu.edu/cgi/viewcontent.cgi?article=1868&context=compsci}{{Power Capping Via Forced Idleness}}},
    note = {\url{repository.cmu.edu/cgi/viewcontent.cgi?article=1868&context=compsci}},
    year = {2009},
     month = "June",
}


@inproceedings{Deng:2012:CCC:2457472.2457494,
 author = {Deng, Qingyuan and Meisner, David and Bhattacharjee, Abhishek and Wenisch, Thomas F. and Bianchini, Ricardo},
 title = {\href{http://dx.doi.org/10.1109/MICRO.2012.22}{CoScale: Coordinating CPU and Memory System DVFS in Server Systems}},
 booktitle = {Proceedings of the 2012 45th Annual IEEE/ACM International Symposium on Microarchitecture},
 series = {MICRO-45},
 year = {2012},
 isbn = {978-0-7695-4924-8},
 location = {Vancouver, B.C., CANADA},
 pages = {143--154},
 numpages = {12},
 url = {http://dx.doi.org/10.1109/MICRO.2012.22},
 doi = {10.1109/MICRO.2012.22},
 acmid = {2457494},
 publisher = {IEEE Computer Society},
 address = {Washington, DC, USA},
 keywords = {energy conservation, dynamic voltage and frequency scaling, coordination},
}

@inproceedings{Sasaki:2013:CPO:2523721.2523732,
 author = {Sasaki, Hiroshi and Imamura, Satoshi and Inoue, Koji},
 title = {\href{http://dl.acm.org/citation.cfm?id=2523721.2523732}{Coordinated Power-performance Optimization in Manycores}},
 booktitle = {Proceedings of the 22Nd International Conference on Parallel Architectures and Compilation Techniques},
 series = {PACT '13},
 year = {2013},
 isbn = {978-1-4799-1021-2},
 location = {Edinburgh, Scotland, UK},
 pages = {51--62},
 numpages = {12},
 url = {http://dl.acm.org/citation.cfm?id=2523721.2523732},
 acmid = {2523732},
 publisher = {IEEE Press},
 address = {Piscataway, NJ, USA},
 keywords = {DVFs, manycore processor, power budget allocation, power-performance optimization, runtime system, scalability, thread packing},
}

@inproceedings{Petrucci:2012:LSE:2387869.2387876,
 author = {Petrucci, Vinicius and Loques, Orlando and Moss{\'e}, Daniel},
 title = {\href{http://dl.acm.org/citation.cfm?id=2387869.2387876}{Lucky Scheduling for Energy-efficient Heterogeneous Multi-core Systems}},

 booktitle = {Proceedings of the 2012 USENIX Conference on Power-Aware Computing and Systems},
 series = {HotPower'12},
 year = {2012},
 location = {Hollywood, CA},
 pages = {7--7},
 numpages = {1},
 url = {http://dl.acm.org/citation.cfm?id=2387869.2387876},
 acmid = {2387876},
 publisher = {USENIX Association},
 address = {Berkeley, CA, USA},
} 

@inproceedings{Su:2014:ILL:2643634.2643656,
 author = {Su, Bo and Greathouse, Joseph L. and Gu, Junli and Boyer, Michael and Shen, Li and Wang, Zhiying},
 title = {\href{http://dl.acm.org/citation.cfm?id=2643634.2643656}{Implementing a Leading Loads Performance Predictor on Commodity Processors}},
 booktitle = {Proceedings of the 2014 USENIX Conference on USENIX Annual Technical Conference},
 series = {USENIX ATC'14},
 year = {2014},
 isbn = {978-1-931971-10-2},
 location = {Philadelphia, PA},
 pages = {205--210},
 numpages = {6},
 url = {http://dl.acm.org/citation.cfm?id=2643634.2643656},
 acmid = {2643656},
 publisher = {USENIX Association},
 address = {Berkeley, CA, USA},
} 

@article{4838819,

 author = {Dhiman, Gaurav and Rosing, Tajana \v{S}imunic},
 title = {\href{http://dx.doi.org/10.1109/TCAD.2009.2015740}{System-level Power Management Using Online Learning}},
 journal = {Trans. Comp.-Aided Des. Integ. Cir. Sys.},
 issue_date = {May 2009},
 volume = {28},
 number = {5},
 month = may,
 year = {2009},
 issn = {0278-0070},
 pages = {676--689},
 numpages = {14},
 url = {http://dx.doi.org/10.1109/TCAD.2009.2015740},
 doi = {10.1109/TCAD.2009.2015740},
 acmid = {1656937},
 publisher = {IEEE Press},
 address = {Piscataway, NJ, USA},
 keywords = {Dynamic voltage frequency scaling, dynamic voltage frequency scaling, energy-performance trade-off, online learning, power management},
} 

@inproceedings{5514319,
 author = {Dhiman, Gaurav and Rosing, Tajana Simunic},
 title = {\href{http://doi.acm.org/10.1145/1283780.1283825}{Dynamic Voltage Frequency Scaling for Multi-tasking Systems Using Online Learning}},
 booktitle = {Proceedings of the 2007 International Symposium on Low Power Electronics and Design},
 series = {ISLPED '07},
 year = {2007},
 isbn = {978-1-59593-709-4},
 location = {Portland, OR, USA},
 pages = {207--212},
 numpages = {6},
 url = {http://doi.acm.org/10.1145/1283780.1283825},
 doi = {10.1145/1283780.1283825},
 acmid = {1283825},
 publisher = {ACM},
 address = {New York, NY, USA},
 keywords = {dynamic voltage frequency scaling, online learning},
} 

@inproceedings{Dhiman:2006:DPM:1233501.1233656,
 author = {Dhiman, Gaurav and Rosing, Tajana Simunic},
 title = {\href{http://doi.acm.org/10.1145/1233501.1233656}{Dynamic Power Management Using Machine Learning}},
 booktitle = {Proceedings of the 2006 IEEE/ACM International Conference on Computer-aided Design},
 series = {ICCAD '06},
 year = {2006},
 isbn = {1-59593-389-1},
 location = {San Jose, California},
 pages = {747--754},
 numpages = {8},
 url = {http://doi.acm.org/10.1145/1233501.1233656},
 doi = {10.1145/1233501.1233656},
 acmid = {1233656},
 publisher = {ACM},
 address = {New York, NY, USA},
 keywords = {dynamic power management, machine learning}, }


@ARTICLE{7029183,
 author = {Reguly, Istv\'{a}n Z. and Keita, Abdoul-Kader and Giles, Michael B.},
 title = {\href{http://dl.acm.org/citation.cfm?id=2886455}{Benchmarking the IBM Power8 Processor}},
 booktitle = {Proceedings of the 25th Annual International Conference on Computer Science and Software Engineering},
 series = {CASCON '15},
 year = {2015},
 location = {Markham, Canada},
 pages = {61--69},
 numpages = {9},
 url = {http://dl.acm.org.recursos.biblioteca.upc.edu/citation.cfm?id=2886444.2886455},
 acmid = {2886455},
 publisher = {IBM Corp.},
 address = {Riverton, NJ, USA},
 keywords = {POWER8, benchmarking}
}

@article{Porter:2015:MMS:2695583.2687651,
 author = {Porter, Leo and Laurenzano, Michael A. and Tiwari, Ananta and Jundt, Adam and Ward, Jr., William A. and Campbell, Roy and Carrington, Laura},
 title = {\href{http://doi.acm.org/10.1145/2687651}{Making the Most of SMT in HPC: System- and Application-Level Perspectives}},
 journal = {ACM Trans. Archit. Code Optim.},
 issue_date = {January 2015},
 volume = {11},
 number = {4},
 month = jan,
 year = {2015},
 issn = {1544-3566},
 pages = {59:1--59:26},
 articleno = {59},
 numpages = {26},
 url = {http://doi.acm.org/10.1145/2687651},
 doi = {10.1145/2687651},
 acmid = {2687651},
 publisher = {ACM},
 address = {New York, NY, USA},
 keywords = {Simultaneous multithreading, energy evaluation, high-performance computing, performance evaluation},
}

@inproceedings{Petrucci:2012:TAO:2224483.2225012,
 author = {Petrucci, Vinicius and Loques, Orlando and Mosse, Daniel and Melhem, Rami and Gazala, Neven Abou and Gobriel, Sameh},
 title = {\href{http://dl.acm.org/citation.cfm?id=2225012}{Thread Assignment Optimization with Real-Time Performance and Memory Bandwidth Guarantees for Energy-Efficient Heterogeneous Multi-core Systems}},
 booktitle = {Proceedings of the 2012 IEEE 18th Real Time and Embedded Technology and Applications Symposium},
 series = {RTAS '12},
 year = {2012},
 isbn = {978-0-7695-4667-4},
 pages = {263--272},
 numpages = {10},
 url = {http://dx.doi.org/10.1109/RTAS.2012.13},
 doi = {10.1109/RTAS.2012.13},
 acmid = {2225012},
 publisher = {IEEE Computer Society},
 address = {Washington, DC, USA},
 keywords = {Optimization, Dynamic thread assignment, Energy efficiency, Real-time performance, Memory bandwidth},
} 


@article{Petrucci:2015:ETA:2724585.2566618,
 author = {Petrucci, Vinicius and Loques, Orlando and Moss{\'e}, Daniel and Melhem, Rami and Gazala, Neven Abou and Gobriel, Sameh},
 title = {\href{http://doi.acm.org/10.1145/2566618}{Energy-Efficient Thread Assignment Optimization for Heterogeneous Multicore Systems}},
 journal = {ACM Trans. Embed. Comput. Syst.},
 issue_date = {January 2015},
 volume = {14},
 number = {1},
 month = jan,
 year = {2015},
 issn = {1539-9087},
 pages = {15:1--15:26},
 articleno = {15},
 numpages = {26},
 url = {http://doi.acm.org/10.1145/2566618},
 doi = {10.1145/2566618},
 acmid = {2566618},
 publisher = {ACM},
 address = {New York, NY, USA},
 keywords = {Task scheduling, energy efficiency, heterogeneous multicores, memory bandwidth, optimization, real-time performance},
} 

@INPROCEEDINGS{7459368, 
author={Das, Anip and V. Merrett, Geoff and M. Al-Hashimi, Bashir}, 
booktitle={2016 Design, Automation Test in Europe Conference Exhibition (DATE)}, 
title={\href{http://ieeexplore.ieee.org/document/7459368/}{The slowdown or race-to-idle question: Workload-aware energy optimization of SMT multicore platforms under process variation}}, 
year={2016}, 
pages={535-538}, 
keywords={Linux;energy conservation;energy consumption;multi-threading;multiprocessing systems;power aware computing;DVFS;Linux OS;SMT multicore platforms;SMT multicore systems;binary programming-based thread mapping;break-even operating point;energy consumption minimization;energy consumption reduction;energy reduction;hardware performance counters;multithreaded workloads;process variation;workload-aware energy optimization;Energy consumption;Instruction sets;Iterative methods;Message systems;Multicore processing;Optimization;Power demand}, 
month={March},}

@inproceedings{Kumar:2003:SHM:956417.956569,
 author = {Kumar, Rakesh and Farkas, Keith I. and Jouppi, Norman P. and Ranganathan, Parthasarathy and Tullsen, Dean M.},
 title = {\href{http://dl.acm.org/citation.cfm?id=956417.956569}{Single-ISA Heterogeneous Multi-Core Architectures: The Potential for Processor Power Reduction}},
 booktitle = {Proceedings of the 36th Annual IEEE/ACM International Symposium on Microarchitecture},
 series = {MICRO 36},
 year = {2003},
 isbn = {0-7695-2043-X},
 pages = {81--},
 url = {http://dl.acm.org/citation.cfm?id=956417.956569},
 acmid = {956569},
 publisher = {IEEE Computer Society},
 address = {Washington, DC, USA},
} 

@inproceedings{Cong:2012:ESH:2333660.2333737,
 author = {Cong, Jason and Yuan, Bo},
 title = {\href{http://doi.acm.org/10.1145/2333660.2333737}{Energy-efficient Scheduling on Heterogeneous Multi-core Architectures}},
 booktitle = {Proceedings of the 2012 ACM/IEEE International Symposium on Low Power Electronics and Design},
 series = {ISLPED '12},
 year = {2012},
 isbn = {978-1-4503-1249-3},
 location = {Redondo Beach, California, USA},
 pages = {345--350},
 numpages = {6},
 url = {http://doi.acm.org/10.1145/2333660.2333737},
 doi = {10.1145/2333660.2333737},
 acmid = {2333737},
 publisher = {ACM},
 address = {New York, NY, USA},
 keywords = {energy efficiency, heterogeneous multi-core, scheduling},
}

@inproceedings{Padmanabha:2013:TBP:2540708.2540746,
 author = {Padmanabha, Shruti and Lukefahr, Andrew and Das, Reetuparna and Mahlke, Scott},
 title = {\href{http://doi.acm.org/10.1145/2540708.2540746}{Trace Based Phase Prediction for Tightly-coupled Heterogeneous Cores}},
 booktitle = {Proceedings of the 46th Annual IEEE/ACM International Symposium on Microarchitecture},
 series = {MICRO-46},
 year = {2013},
 isbn = {978-1-4503-2638-4},
 location = {Davis, California},
 pages = {445--456},
 numpages = {12},
 url = {http://doi.acm.org/10.1145/2540708.2540746},
 doi = {10.1145/2540708.2540746},
 acmid = {2540746},
 publisher = {ACM},
 address = {New York, NY, USA},
 keywords = {energy-efficiency, fine-grained phase prediction, heterogeneous processors},
} 

@inproceedings{Zhou:2016:GLM:2925426.2926272,
 author = {Zhou, Xu and Cai, Haoran and Cao, Qiang and Jiang, Hong and Tian, Lei and Xie, Changsheng},
 title = {\href{http://doi.acm.org/10.1145/2925426.2926272}{GreenGear: Leveraging and Managing Server Heterogeneity for Improving Energy Efficiency in Green Data Centers}},
 booktitle = {Proceedings of the 2016 International Conference on Supercomputing},
 series = {ICS '16},
 year = {2016},
 isbn = {978-1-4503-4361-9},
 location = {Istanbul, Turkey},
 pages = {12:1--12:14},
 articleno = {12},
 numpages = {14},
 url = {http://doi.acm.org/10.1145/2925426.2926272},
 doi = {10.1145/2925426.2926272},
 acmid = {2926272},
 publisher = {ACM},
 address = {New York, NY, USA},
 keywords = {Battery, Power Management, Renewable Energy, Server Heterogeneity},
} 


@inproceedings{Saez:2010:CSA:1755913.1755929,
 author = {Saez, Juan Carlos and Prieto, Manuel and Fedorova, Alexandra and Blagodurov, Sergey},
 title = {\href{http://doi.acm.org/10.1145/1755913.1755929}{A Comprehensive Scheduler for Asymmetric Multicore Systems}},
 booktitle = {Proceedings of the 5th European Conference on Computer Systems},
 series = {EuroSys '10},
 year = {2010},
 isbn = {978-1-60558-577-2},
 location = {Paris, France},
 pages = {139--152},
 numpages = {14},
 url = {http://doi.acm.org/10.1145/1755913.1755929},
 doi = {10.1145/1755913.1755929},
 acmid = {1755929},
 publisher = {ACM},
 address = {New York, NY, USA},
 keywords = {asymmetric multicore, operating systems, scheduling},
} 

@inproceedings{Koufaty:2010:BSH:1755913.1755928,
 author = {Koufaty, David and Reddy, Dheeraj and Hahn, Scott},
 title = {\href{http://doi.acm.org/10.1145/1755913.1755928}{Bias Scheduling in Heterogeneous Multi-core Architectures}},
 booktitle = {Proceedings of the 5th European Conference on Computer Systems},
 series = {EuroSys '10},
 year = {2010},
 isbn = {978-1-60558-577-2},
 location = {Paris, France},
 pages = {125--138},
 numpages = {14},
 url = {http://doi.acm.org/10.1145/1755913.1755928},
 doi = {10.1145/1755913.1755928},
 acmid = {1755928},
 publisher = {ACM},
 address = {New York, NY, USA},
 keywords = {heterogeneous architectures, scheduling}, } 

@inproceedings{Kumar:2006:CAO:1152154.1152162,
 author = {Kumar, Rakesh and Tullsen, Dean M. and Jouppi, Norman P.},
 title = {\href{http://doi.acm.org/10.1145/1152154.1152162}{Core Architecture Optimization for Heterogeneous Chip Multiprocessors}},
 booktitle = {Proceedings of the 15th International Conference on Parallel Architectures and Compilation Techniques},
 series = {PACT '06},
 year = {2006},
 isbn = {1-59593-264-X},
 location = {Seattle, Washington, USA},
 pages = {23--32},
 numpages = {10},
 url = {http://doi.acm.org/10.1145/1152154.1152162},
 doi = {10.1145/1152154.1152162},
 acmid = {1152162},
 publisher = {ACM},
 address = {New York, NY, USA},
 keywords = {computer architecture, heterogeneous chip multiprocessors, multi-core
     architectures}, }

@article{Fedorova:2009:MPE:1610252.1610270,
 author = {Fedorova, Alexandra and Saez, Juan Carlos and Shelepov, Daniel and Prieto, Manuel},
 title = {\href{http://doi.acm.org/10.1145/1610252.1610270}{Maximizing Power Efficiency with Asymmetric Multicore Systems}},
 journal = {Commun. ACM},
 issue_date = {December 2009},
 volume = {52},
 number = {12},
 month = dec,
 year = {2009},
 issn = {0001-0782},
 pages = {48--57},
 numpages = {10},
 url = {http://doi.acm.org/10.1145/1610252.1610270},
 doi = {10.1145/1610252.1610270},
 acmid = {1610270},
 publisher = {ACM},
 address = {New York, NY, USA}, } 

@article{Gupta:2011:ASP:1945023.1945026,
 author = {Gupta, Vishakha and Knauerhase, Rob and Schwan, Karsten},
 title = {\href{http://doi.acm.org/10.1145/1945023.1945026}{Attaining System Performance Points: Revisiting the End-to-end Argument in System Design for Heterogeneous Many-core Systems}},
 journal = {SIGOPS Oper. Syst. Rev.},
 issue_date = {January 2011},
 volume = {45},
 number = {1},
 month = feb,
 year = {2011},
 issn = {0163-5980},
 pages = {3--10},
 numpages = {8},
 url = {http://doi.acm.org/10.1145/1945023.1945026},
 doi = {10.1145/1945023.1945026},
 acmid = {1945026},
 publisher = {ACM},
 address = {New York, NY, USA},
 keywords = {asymmetry, heterogeneous multicore, virtualization}, } 


@inproceedings{Fedorova:2007:IPI:1299042.1299108,
 author = {Fedorova, Alexandra and Seltzer, Margo and Smith, Michael D.},
 title = {\href{http://dx.doi.org/10.1109/PACT.2007.40}{Improving Performance Isolation on Chip Multiprocessors via an Operating System Scheduler}},
 booktitle = {Proceedings of the 16th International Conference on Parallel Architecture and Compilation Techniques},
 series = {PACT '07},
 year = {2007},
 isbn = {0-7695-2944-5},
 pages = {25--38},
 numpages = {14},
 url = {http://dx.doi.org/10.1109/PACT.2007.40},
 doi = {10.1109/PACT.2007.40},
 acmid = {1299108},
 publisher = {IEEE Computer Society},
 address = {Washington, DC, USA}, } 

 @article{Knauerhase:2008:UOO:1435611.1436101,
 author = {Knauerhase, Rob and Brett, Paul and Hohlt, Barbara and Li, Tong and Hahn, Scott},
 title = {\href{http://dx.doi.org/10.1109/MM.2008.48}{Using OS Observations to Improve Performance in Multicore Systems}},
 journal = {IEEE Micro},
 issue_date = {May 2008},
 volume = {28},
 number = {3},
 month = may,
 year = {2008},
 issn = {0272-1732},
 pages = {54--66},
 numpages = {13},
 url = {http://dx.doi.org/10.1109/MM.2008.48},
 doi = {10.1109/MM.2008.48},
 acmid = {1436101},
 publisher = {IEEE Computer Society Press},
 address = {Los Alamitos, CA, USA},
 keywords = {microprocessors, multiprocessing, operating systems, operating systems,
     microprocessors, multiprocessing}, }

@inproceedings{Tam:2007:TCS:1272996.1273004,
 author = {Tam, David and Azimi, Reza and Stumm, Michael},
 title = {\href{http://doi.acm.org/10.1145/1272996.1273004}{Thread Clustering:
     Sharing-aware Scheduling on SMP-CMP-SMT Multiprocessors}}, booktitle = {Proceedings
         of the 2nd ACM SIGOPS/EuroSys European Conference on Computer Systems 2007},
 series = {EuroSys '07}, year = {2007}, isbn = {978-1-59593-636-3}, location = {Lisbon,
     Portugal}, pages = {47--58}, numpages = {12}, url =
     {http://doi.acm.org/10.1145/1272996.1273004}, doi = {10.1145/1272996.1273004}, acmid
 = {1273004}, publisher = {ACM}, address = {New York, NY, USA}, keywords = {CMP, SMP, SMT,
     affinity scheduling, cache behavior, cache locality, detecting sharing, hardware
         performance counters, hardware performance monitors, multithreading, performance
         monitoring unit, resource allocation, shared caches, sharing, simultaneous
         multithreading, single-chip multiprocessors, thread migration, thread placement,
     thread scheduling}, } 
    

@INPROCEEDINGS{7855903, 
author={Andrew Lukefahr and Shruti Padmanabha and Reetuparna Das and Ronald Dreslinski and Thomas F. Wenisch and Scott Mahlke}, 
booktitle={2014 23rd International Conference on Parallel Architecture and Compilation Techniques (PACT)}, 
title={\href{http://ieeexplore.ieee.org/document/7855903/}{Heterogeneous microarchitectures trump voltage scaling for low-power cores}}, 
year={2014}, 
pages={237-249}, 
keywords={Pareto optimisation;low-power electronics;multiprocessing systems;power aware computing;processor scheduling;DVFS;HMs;PaTH;Pareto optimal schedule;Pareto-optimal energy savings;coarse-grain program phases;dynamic voltage/frequency scaling;energy efficiency;fine-grained switching;heterogeneous microarchitectures;low-power cores;near-optimal schedules;offline analysis tool;scheduling accuracy;trump voltage scaling;Microarchitecture;Multicore processing;Optimal scheduling;Schedules;Switches;Voltage control;DVFS;Energy Efficiency;Fine-Grained Architectures;Heterogeneous Multicores}, 
doi={10.1145/2628071.2628078}, 
month={Aug},}

@ARTICLE{6651797, 
author={Rance Rodrigues and Arunachalam Annamalai and Israel Koren and Sandip Kundu}, 
journal={IEEE Transactions on Circuits and Systems II: Express Briefs}, 
title={\href{http://ieeexplore.ieee.org/abstract/document/6651797/}{A Study on the Use of Performance Counters to Estimate Power in Microprocessors}}, 
year={2013}, 
volume={60}, 
number={12}, 
pages={882-886}, 
keywords={cache storage;counters;low-power electronics;microprocessor chips;CPU;dispatch stalls;dynamic power consumption;fetched instructions;level-1 cache hits;memory parameters;microarchitecture;microprocessors;performance counters;power estimation;processor configurations;Computer architecture;Correlation;Estimation error;Microprocessors;Power demand;Radiation detectors;High-performance core (HPerf);low-power core (LP);performance counters;power estimation}, 
doi={10.1109/TCSII.2013.2285966}, 
ISSN={1549-7747}, 
month={Dec},}

@article{Tam:2009:RAL:1508284.1508259,
 author = {Tam, David K. and Azimi, Reza and Soares, Livio B. and Stumm, Michael},
 title = {\href{http://doi.acm.org/10.1145/1508284.1508259}{RapidMRC: Approximating L2 Miss Rate Curves on Commodity Systems for Online Optimizations}},
 journal = {SIGPLAN Not.},
 issue_date = {March 2009},
 volume = {44},
 number = {3},
 month = mar,
 year = {2009},
 issn = {0362-1340},
 pages = {121--132},
 numpages = {12},
 url = {http://doi.acm.org/10.1145/1508284.1508259},
 doi = {10.1145/1508284.1508259},
 acmid = {1508259},
 publisher = {ACM},
 address = {New York, NY, USA},
 keywords = {cache management, cache partitioning, chip multiprocessor, dynamic
     optimization, hardware performance counters, miss rate curve, multicore processor,
     online optimization, performance monitoring unit, shared cache, shared cache
         management}, }


@article{Li:2011:CAR:2007116.2007158,
 author = {Li, Chao and Qouneh, Amer and Li, Tao},
 title = {\href{http://dl.acm.org/citation.cfm?id=2007158}{Characterizing and Analyzing Renewable Energy Driven Data Centers}},
 journal = {SIGMETRICS Perform. Eval. Rev.},
 issue_date = {June 2011},
 volume = {39},
 number = {1},
 month = jun,
 year = {2011},
 issn = {0163-5999},
 pages = {323--324},
 numpages = {2},
 url = {http://doi.acm.org/10.1145/2007116.2007158},
 doi = {10.1145/2007116.2007158},
 acmid = {2007158},
 publisher = {ACM},
 address = {New York, NY, USA},
 keywords = {data center, load tuning, power variation, renewable energy},
}


@inproceedings{Bhattacharya:2012:NSS:2410145.2410772,
 author = {Bhattacharya, Arka A. and Culler, David and Kansal, Aman and Govindan, Sriram and Sankar, Sriram},
 title = {\href{http://dl.acm.org/citation.cfm?id=2410772}{The Need for Speed and Stability in Data Center Power Capping}},
 booktitle = {Proceedings of the 2012 International Green Computing Conference (IGCC)},
 series = {IGCC '12},
 year = {2012},
 isbn = {978-1-4673-2155-6},
 pages = {1--10},
 numpages = {10},
 url = {http://dx.doi.org/10.1109/IGCC.2012.6322253},
 doi = {10.1109/IGCC.2012.6322253},
 acmid = {2410772},
 publisher = {IEEE Computer Society},
 address = {Washington, DC, USA},
 keywords = {frequency scaling,power capping,admission control},
}


@article{Bertran:2013:CPM:2479391.2479401,
 author = {Bertran, Ramon and Gonz\`{a}lez, Marc and Martorell, Xavier and Navarro, Nacho and Ayguad{\'e}, Eduard},
 title = {\href{http://dl.acm.org/citation.cfm?id=2479401}{Counter-Based Power Modeling Methods}},
 journal = {Comput. J.},
 issue_date = {February 2013},
 volume = {56},
 number = {2},
 month = feb,
 year = {2013},
 issn = {0010-4620},
 pages = {198--213},
 numpages = {16},
 url = {http://dx.doi.org/10.1093/comjnl/bxs116},
 doi = {10.1093/comjnl/bxs116},
 acmid = {2479401},
 publisher = {Oxford University Press},
 address = {Oxford, UK},
}


@inproceedings{Bertran:2012:SEC:2457472.2457499,
 author = {Bertran, Ramon and Buyuktosunoglu, Alper and Gupta, Meeta S. and Gonzalez, Marc and Bose, Pradip},
 title = {\href{http://dl.acm.org/citation.cfm?id=2457499}{Systematic Energy Characterization of CMP/SMT Processor Systems via Automated Micro-Benchmarks}},
 booktitle = {Proceedings of the 2012 45th Annual IEEE/ACM International Symposium on Microarchitecture},
 series = {MICRO-45},
 year = {2012},
 isbn = {978-0-7695-4924-8},
 location = {Vancouver, B.C., CANADA},
 pages = {199--211},
 numpages = {13},
 url = {http://dx.doi.org/10.1109/MICRO.2012.27},
 doi = {10.1109/MICRO.2012.27},
 acmid = {2457499},
 publisher = {IEEE Computer Society},
 address = {Washington, DC, USA},
 keywords = {automated micro-benchmarks, counter-based power models, energy per instruction, max-power stressmark},
} 

@article{Bertran:2012:EAS:2039447.2039649,
 author = {Bertran, Ramon and Becerra, Yolanda and Carrera, David and Beltran, Vicen\c{c} and Gonz\'{\i}lez, Marc and Martorell, Xavier and Navarro, Nacho and Torres, Jordi and Ayguad{\'e}, Eduard},
 title = {\href{http://dl.acm.org/citation.cfm?id=2039649}{Energy Accounting for Shared Virtualized Environments Under DVFS Using PMC-based Power Models}},
 journal = {Future Gener. Comput. Syst.},
 issue_date = {February, 2012},
 volume = {28},
 number = {2},
 month = feb,
 year = {2012},
 issn = {0167-739X},
 pages = {457--468},
 numpages = {12},
 url = {http://dx.doi.org/10.1016/j.future.2011.03.007},
 doi = {10.1016/j.future.2011.03.007},
 acmid = {2039649},
 publisher = {Elsevier Science Publishers B. V.},
 address = {Amsterdam, The Netherlands, The Netherlands},
 keywords = {DVFS, Energy accounting, Modeling techniques, Performance counters, Power modeling, Virtualization},
} 

@INPROCEEDINGS{4536219, 
author={Torres, Jordi and Carrera, David and Hogan, Kevin and Gavalda, Ricard and Beltran, Vicenc and Poggi, Nicolas}, 
booktitle={2008 IEEE International Symposium on Parallel and Distributed Processing}, 
title={\href{http://ieeexplore.ieee.org/document/4536219/}{Reducing wasted resources to help achieve green data centers}}, 
year={2008}, 
pages={1-8}, 
keywords={grid computing;middleware;power aware computing;consolidation strategy;green data centers;heterogeneous workload;representative workload scenario;wasted resources;Cooling;Costs;Degradation;Dynamic voltage scaling;Energy efficiency;Energy management;Proposals;Resource management;Space technology;Supercomputers}, 
doi={10.1109/IPDPS.2008.4536219}, 
ISSN={1530-2075}, 
month={April},}


@inproceedings{6114408,
 author = {Goiri, \'{I}\~{n}igo and Le, Kien and Haque, Md. E. and Beauchea, Ryan and Nguyen, Thu D. and Guitart, Jordi and Torres, Jordi and Bianchini, Ricardo},
 title = {\href{http://dl.acm.org/citation.cfm?id=2063411}{GreenSlot: Scheduling Energy Consumption in Green Datacenters}},
 booktitle = {Proceedings of 2011 International Conference for High Performance Computing, Networking, Storage and Analysis},
 series = {SC '11},
 year = {2011},
 isbn = {978-1-4503-0771-0},
 location = {Seattle, Washington},
 pages = {20:1--20:11},
 articleno = {20},
 numpages = {11},
 url = {http://doi.acm.org/10.1145/2063384.2063411},
 doi = {10.1145/2063384.2063411},
 acmid = {2063411},
 publisher = {ACM},
 address = {New York, NY, USA},
 keywords = {datacenters, energy-aware job scheduling, green energy},
} 

@inproceedings{5598305,
 author = {Le, Kien and Bianchini, Ricardo and Nguyen, Thu D. and Bilgir, Ozlem and Martonosi, Margaret},
 title = {\href{http://dl.acm.org/citation.cfm?id=1909725}{Capping the Brown Energy Consumption of Internet Services at Low Cost}},
 booktitle = {Proceedings of the International Conference on Green Computing},
 series = {GREENCOMP '10},
 year = {2010},
 isbn = {978-1-4244-7612-1},
 pages = {3--14},
 numpages = {12},
 url = {http://dx.doi.org/10.1109/GREENCOMP.2010.5598305},
 doi = {10.1109/GREENCOMP.2010.5598305},
 acmid = {1909725},
 publisher = {IEEE Computer Society},
 address = {Washington, DC, USA},
} 

@article{Kontorinis:2012:MDU:2366231.2337216,
 author = {Kontorinis, Vasileios and Zhang, Liuyi Eric and Aksanli, Baris and Sampson, Jack and Homayoun, Houman and Pettis, Eddie and Tullsen, Dean M. and Rosing, Tajana Simunic},
 title = {\href{http://dl.acm.org/citation.cfm?id=2337216}{Managing Distributed Ups Energy for Effective Power Capping in Data Centers}},
 journal = {SIGARCH Comput. Archit. News},
 issue_date = {June 2012},
 volume = {40},
 number = {3},
 month = jun,
 year = {2012},
 issn = {0163-5964},
 pages = {488--499},
 numpages = {12},
 url = {http://doi.acm.org/10.1145/2366231.2337216},
 doi = {10.1145/2366231.2337216},
 acmid = {2337216},
 publisher = {ACM},
 address = {New York, NY, USA},
}

@article{5751940,
 author = {Floyd, Michael and Allen-Ware, Malcolm and Rajamani, Karthick and Brock, Bishop and Lefurgy, Charles and Drake, Alan J. and Pesantez, Lorena and Gloekler, Tilman and Tierno, Jose A. and Bose, Pradip and Buyuktosunoglu, Alper},
 title = {\href{http://dl.acm.org/citation.cfm?id=1978280}{Introducing the Adaptive Energy Management Features of the Power7 Chip}},
 booktitle = {Proceedings of the 2011 44th Annual IEEE/ACM International Symposium on Microarchitecture},
 issue_date = {March 2011},
 volume = {31},
 number = {2},
 month = mar,
 year = {2011},
 issn = {0272-1732},
 pages = {60--75},
 numpages = {16},
 url = {http://dx.doi.org/10.1109/MM.2011.29},
 doi = {10.1109/MM.2011.29},
 acmid = {1978280},
 publisher = {IEEE Computer Society Press},
 address = {Los Alamitos, CA, USA},
 keywords = {Power7, power management, energy efficiency, EnergyScale, frequency scaling, voltage slewing, performance, hardware},
}


@inproceedings{Rethinagiri:2014:SPE:2555486.2555491,
 author = {Rethinagiri, Santhosh Kumar and Palomar, Oscar and Ben Atitallah, Rabie and Niar, Smail and Unsal, Osman and Kestelman, Adrian Cristal},
 title = {\href{http://dl.acm.org/citation.cfm?id=2555491}{System-level Power Estimation Tool for Embedded Processor Based Platforms}},
 booktitle = {Proceedings of the 6th Workshop on Rapid Simulation and Performance Evaluation: Methods and Tools},
 series = {RAPIDO '14},
 year = {2014},
 isbn = {978-1-4503-2471-7},
 location = {Vienna, Austria},
 pages = {5:1--5:8},
 articleno = {5},
 numpages = {8},
 url = {http://doi.acm.org/10.1145/2555486.2555491},
 doi = {10.1145/2555486.2555491},
 acmid = {2555491},
 publisher = {ACM},
 address = {New York, NY, USA},
 keywords = {RISC processor, accuracy, functional power models, multi-core, power/energy estimation, speedup, system level power estimation},
} 
