@inproceedings{2006core2,
author = {Kumar Prakash,Tribuvan and Peng, Lu},
title = {\href{http://www.ece.lsu.edu/lpeng/papers/isast08.pdf}{{Performance Characterization of SPEC CPU2006 Benchmarks on Intel Core 2 Duo Processor}}},
booktitle = {Proceedings of the ISAST Transactions on Computers and Software Engineering},
series = {ISAST 2008},
howpublished = {\url{www.ece.lsu.edu/lpeng/papers/isast08.pdf}},
year = {2008},
pages = {36 -41},
publisher = {IEEE}
}

@inproceedings{bienia:2008:pbs:1454115.1454128,
 author = {Bienia, Christian and Kumar, Sanjeev and Singh, Jaswinder Pal and Li, Kai},
 title = {\href{http://doi.acm.org/10.1145/1454115.1454128}{The PARSEC Benchmark Suite: Characterization and Architectural Implications}},
 booktitle = {Proceedings of the 17th International Conference on Parallel Architectures and Compilation Techniques},
 series = {PACT '08},
 year = {2008},
 isbn = {978-1-60558-282-5},
 location = {Toronto, Ontario, Canada},
 pages = {72--81},
 numpages = {10},
 url = {http://doi.acm.org/10.1145/1454115.1454128},
 doi = {10.1145/1454115.1454128},
 acmid = {1454128},
 publisher = {ACM},
 address = {New York, NY, USA},
 keywords = {benchmark suite, multithreading, performance measurement, shared-memory computers},
} 

@inproceedings{Bailey:1991:NPB:125826.125925,
 author = {Bailey, D. H. and Barszcz, E. and Barton, J. T. and Browning, D. S. and Carter, R. L. and Dagum, L. and Fatoohi, R. A. and Frederickson, P. O. and Lasinski, T. A. and Schreiber, R. S. and Simon, H. D. and Venkatakrishnan, V. and Weeratunga, S. K.},
 title = {\href{http://doi.acm.org/10.1145/125826.125925}{The {NAS} Parallel Benchmarks;Summary and Preliminary Results}},
 booktitle = {Proceedings of the 1991 ACM/IEEE Conference on Supercomputing},
 series = {Supercomputing '91},
 year = {1991},
 isbn = {0-89791-459-7},
 location = {Albuquerque, New Mexico, USA},
 pages = {158--165},
 numpages = {8},
 url = {http://doi.acm.org/10.1145/125826.125925},
 doi = {10.1145/125826.125925},
 acmid = {125925},
 publisher = {ACM},
 address = {New York, NY, USA},
} 

@INPROCEEDINGS{524546, 
author={C. Woo, Steven and Ohara, Moriyoshi and Torrie, Evan and P. Singh, Jaswinder and Gupta, Anoop}, 
booktitle={22nd International Symposium on Computer Architecture}, 
series = {ISCA 1995},
title={\href{http://dl.acm.org/citation.cfm?id=223990}{The SPLASH-2 programs: characterization and methodological considerations}}, 
year={1995}, 
pages={24-36}, 
keywords={cache storage;parallel architectures;parallel programming;resource allocation;shared memory systems;SPLASH-2 parallel application suite;SPLASH-2 programs;application parameters;architectural interactions;cache size;centralized shared-address-space multiprocessors;characterization;communication to computation ratio;computational load balance;distributed shared-address-space multiprocessors;machine parameters;methodological considerations;operating points;problem size;processors;spatial locality;traffic needs;working set sizes;Application software;Computer science;Context;Delay;Distributed computing;Graphics;Laboratories;Permission;Sensitivity analysis}, 
doi={10.1109/ISCA.1995.524546}, 
ISSN={1063-6897}, 
month={June},}


@misc{MemcachedHttps://memcached.org/,
    author = {Memcached},
    title = "{\href{http://memcached.org}{Memcached}}",
    note = {\url{memcached.org}},
    month = "March",
    year = "2016"
}


@misc{Elasticsearchhttps://github.com/elastic/elasticsearch,
    author = {ElasticSearch},
    title = "{\href{https://github.com/elastic/elasticsearch}{Elasticsearch}}",
    note = {\url{github.com/elastic/elasticsearch}},
    month = "March",
    year = "2016"
}
   


@misc{Fabanhttp://faban.org/,
    author = {Faban},
    title = "{\href{https://faban.org}{Faban}}",
    note = {\url{faban.org}},
    month = "March",
    year = "2016"
}


@manual{Intel,
    author = {Intel},
	title= {Intel 64 and IA-32 Architecture Software Developer's Manual},
    language = {English},
    month = "November",
    year ="2011"
}

@manual{ARM,
    author = {ARM},
    title = {Infocenter for ARM Cortex-A57},
    language = {English},
    month = "September",
    year = "2016"
}

@manual{AMD, 
    author = {AMD},
    title = {AMD64 Architecture Prog. Manual Volume 2: System Prog.},
    language = {English},
    month = "September",
    year = "2016",
}

@article{Ferdman2012ClearingClouds,
    title = {\href{http://dl.acm.org/citation.cfm?id=2189750.2150982}{{Clearing the clouds: a study of emerging scale-out workloads on modern hardware}}},
    year = {2012},
    journal = {ACM SIGARCH Computer Architecture News},
    author = {Ferdman, Michael and Falsafi, Babak and Adileh, Almutaz and Kocberber, Onur and Volos, Stavros and Alisafaee, Mohammad and Jevdjic, Djordje and Kaynak, Cansu and Popescu, Adrian Daniel and Ailamaki, Anastasia},
    number = {1},
    month = {4},
    pages = {37},
    volume = {40},
    publisher = {ACM},
    url = {http://dl.acm.org/citation.cfm?id=2189750.2150982},
    isbn = {978-1-4503-0759-8},
    doi = {10.1145/2189750.2150982},
    issn = {01635964},
    keywords = {architectural evaluation, cloud computing, design insights, workload characterization}
}

@article{Henning2006SPECDescriptions,
    title = {\href{http://portal.acm.org/citation.cfm?doid=1186736.1186737}{{SPEC CPU2006 benchmark descriptions}}},
    year = {2006},
    journal = {ACM SIGARCH Computer Architecture News},
    author = {Henning, John L.},
    number = {4},
    month = {9},
    pages = {1--17},
    volume = {34},
    publisher = {ACM},
    url = {http://portal.acm.org/citation.cfm?doid=1186736.1186737},
    doi = {10.1145/1186736.1186737},
    issn = {01635964}
}

@misc{2016Perf:Counters,
    author = {Linux},
    title = {\href{https://perf.wiki.kernel.org/index.php/Main{\_}Page}{{Perf: Linux profiling with performance counters}}},
    note = {\url{perf.wiki.kernel.org/index.php/Main{\_}Page}},
    month = "December",
          year = "2016"
}

@misc{ARMLimitedARMManual,
    title = {\href{http://infocenter.arm.com/help/topic/com.arm.doc.ddi0500g/DDI0500G{\_}cortex{\_}a53{\_}trm.pdf}{{ARM {\textregistered} Cortex {\textregistered} -A53 MPCore Processor Technical Reference Manual}}},
    author = {{ARM Limited}},
    note = {\url{infocenter.arm.com/help/topic/com.arm.doc.ddi0500g/DDI0500G{\_}cortex{\_}a53{\_}trm.pdf}}
}

@misc{ARMLimitedARMManualb,
    title = {\href{http://infocenter.arm.com/help/topic/com.arm.doc.ddi0488c/DDI0488C{\_}cortex{\_}a57{\_}mpcore{\_}r1p0{\_}trm.pdf}{{ARM {\textregistered} Cortex {\textregistered} -A57 MPCore Processor Revision: r1p0 Technical Reference Manual}}},
    author = {{ARM Limited}},
    note = {\url{infocenter.arm.com/help/topic/com.arm.doc.ddi0488c/DDI0488C{\_}cortex{\_}a57{\_}mpcore{\_}r1p0{\_}trm.pdf}}
}

@article{Bernstein2014ContainersKubernetes,
    title = {\href{https://www.computer.org/csdl/mags/cd/2014/03/mcd2014030081-abs.html}{{Containers and Cloud: From LXC to Docker to Kubernetes}}},
    year = {2014},
    journal = {IEEE Cloud Computing},
    author = {Bernstein, David},
    number = {3},
    month = {9},
    pages = {81--84},
    volume = {1},
    publisher = {IEEE Computer Society},
    url = {https://www.computer.org/csdl/mags/cd/2014/03/mcd2014030081-abs.html},
    doi = {10.1109/MCC.2014.51},
    issn = {2325-6095},
    keywords = {Cloud computing, Containers, Google, Home appliances, Linux, Runtime, Virtual machine monitors, cloud, containers, dockers, virtual machines},
    language = {English}
}

@article{Ren2010Google-WideCenters,
    title = {\href{http://dl.acm.org/citation.cfm?id=1849301.1849332}{{Google-Wide Profiling: A Continuous Profiling Infrastructure for Data Centers}}},
    year = {2010},
    journal = {IEEE Micro},
    author = {Ren, Gang and Tune, Eric and Moseley, Tipp and Shi, Yixin and Rus, Silvius and Hundt, Robert},
    number = {4},
    month = {7},
    pages = {65--79},
    volume = {30},
    publisher = {IEEE Computer Society Press},
    url = {http://dl.acm.org/citation.cfm?id=1849301.1849332},
    doi = {10.1109/MM.2010.68},
    issn = {0272-1732},
    keywords = {hardware, optimization, performance monitoring, profiling tools, programming environments, system performance, tools and techniques}
}

@article{acpikernel,
 author = {A. Leonard Brown},
 title = {\href{https://landley.net/kdocs/ols/2004/ols2004v1-pages-121-132.pdf}{{The State of {ACPI} in the Linux Kernel}}},
 journal = {SIGARCH Comput. Archit. News},
 issue_date = {July 2004},
 volume = {1},
 number = {1},
 year = {2004},
 pages = {121--132},
 numpages = {14},
}


@misc{LinuxKernel,
    title = {\href{http://cfile28.uf.tistory.com/attach/1266C1385075387C151D16}{{A study on Linux Kernel Scheduler Version 2.6.32}}},
    author = {{M. Le Thang}},
    note = "\url{cfile28.uf.tistory.com/attach/1266C1385075387C151D16}",
    month = "March",
          year = "2016"
}

@misc{msrtool,
  author = {H. Peter Anvin},
  title = {\href{https://www.kernel.org/pub/linux/utils/cpu/msr-tools/}{{MSR} Tools}},
  note= {\url{kernel.org/pub/linux/utils/cpu/msr-tools/}},
    month = "March",
          year = "2016"
}

@misc{montblanc,
  author = {Mont-Blanc},
  title = {\href{https://www.montblanc-project.eu/}{Mont-Blanc}},
  note = {\url{montblanc-project.eu/}},
  month="December",
  year = "2016"
}

@misc{montblanc2,
  author = {Mont-Blanc 2},
  title = {\href{http://cordis.europa.eu/project/rcn/110381_en.html}{{Mont-Blanc 2, European scalable and power efficient HPC platform based on low-power embedded technology}}},
  note = {\url{cordis.europa.eu/project/rcn/110381_en.html}},
  month="December",
  year = "2016"
}

@misc{montblancbull,
  author = {Bull Atos Technology},
  title = {\href{http://www.bull.com/mont-blanc-european-project-gains-new-impetus-its-climb-exascale}{{Mont-Blanc European project gains new impetus for its climb to Exascale}}},
  note = {\url{bull.com/mont-blanc-european-project-gains-new-impetus-its-climb-exascale}},
  month="December",
  year = "2016"
}

@misc{montblancproto,
  author = {Alex Ramirez},
  title = {\href{https://www.montblanc-project.eu/sites/default/files/publications/20140522montblanc-prototypes-workshop.pdf}{{The Mont-Blanc Prototype}}},
  note = {\url{montblanc-project.eu/sites/default/files/publications/20140522montblanc-prototypes-workshop.pdf}},
  month="October",
  year="2016"
}

@misc{armmuscle,
  author = {John Russell},
  title = {\href{https://www.hpcwire.com/2016/08/22/arm-unveils-scalable-vector-extension-hpc-hot-chips/}{{ARM Unveils Scalable Vector Extension for HPC at Hot Chips}}},
  note = {\url{hpcwire.com/2016/08/22/arm-unveils-scalable-vector-extension-hpc-hot-chips/}},
  month="October",
  year="2016"
}

@misc{pdata1,
  author = {James Hamilton},
  title = {\href{http://perspectives.mvdirona.com/2008/11/cost-of-power-in-large-scale-data-centers/}{Cost of Power in Large-Scale Data Centers}},
  note = {\url{perspectives.mvdirona.com/2008/11/cost-of-power-in-large-scale-data-centers/}},
  month="December",
  year = "2016"
}

@misc{pdata2,
  author = {Michael Allen},
  title = {\href{https://www.datacenters.com/news/infrastructure/135-data-center-power-costs-and-requirements}{Data Center Power Costs and Requirements}},
  note = {\url{datacenters.com/news/infrastructure/135-data-center-power-costs-and-requirements}},
  month = "December",
  year = "2016"
}


@inproceedings{Kanev:2015:PWC:2749469.2750392,
 author = {Kanev, Svilen and Darago, Juan Pablo and Hazelwood, Kim and Ranganathan, Parthasarathy and Moseley, Tipp and Wei, Gu-Yeon and Brooks, David},
 title = {\href{http://doi.acm.org/10.1145/2749469.2750392}{Profiling a Warehouse-scale Computer}},
 booktitle = {Proceedings of the 42nd Annual International Symposium on Computer Architecture},
 series = {ISCA '15},
 year = {2015},
 isbn = {978-1-4503-3402-0},
 location = {Portland, Oregon},
 pages = {158--169},
 numpages = {12},
 url = {http://doi.acm.org/10.1145/2749469.2750392},
 doi = {10.1145/2749469.2750392},
 acmid = {2750392},
 publisher = {ACM},
 address = {New York, NY, USA},
}

@article{FM1000,
	author = {Ilkka Tuomi},
	title = {\href{http://journals.uic.edu/ojs/index.php/fm/article/view/1000}{The Lives and Death of Moore's Law}},
	journal = {First Monday},
	volume = {7},
	number = {11},
    month= {December},
	year = {2002},
	keywords = {},
    issn = {13960466},	
    url = {http://journals.uic.edu/ojs/index.php/fm/article/view/1000}
}

@misc{mlawend1,
      author = "MIT Technology Review",
      title = {\href{https://www.technologyreview.com/s/600716/intel-chips-will-have-to-sacrifice-speed-gains-for-energy-savings/}{Intel: Chips Will Have to Sacrifice Speed Gains for Energy Savings}},
      note = {\url{technologyreview.com/s/600716/intel-chips-will-have-to-sacrifice-speed-gains-for-energy-savings/}},
      month = "February",
      year = "2016"
}

@misc{mlawend2,
      author = "MIT Technology Review",
      title = {\href{https://www.technologyreview.com/s/601102/intel-puts-the-brakes-on-moores-law/}{Intel Puts the Brakes on Moore’s Law}},
      note = {\url{technologyreview.com/s/601102/intel-puts-the-brakes-on-moores-law/}},
      month = "May",
      year = "2016"
}

@article{climate,    
    title = {\href{http://www.nature.com/nclimate/journal/v3/n7/full/nclimate1786.html}{{Characteristics of low-carbon data centres}}},
    shorttitle = {Nature},
    year = {2013},
    journal = {Nature Climate Change},
    author = {Masanet, Eric and Shehabhi, Arman and Koomey,Jonathan},
    number = {7540},
    month = {6},
    pages = {627--630},
    url = {http://dx.doi.org/10.1038/nclimate1786},
    doi = {10.1038/nclimate1786},
}

@article {61109,
	title = {\href{https://eta.lbl.gov/sites/all/files/publications/lbnl-1005775_v2.pdf}{United States Data Center Energy Usage Report}},
	year = {2016},
	month = {06},
	keywords = {data center, energy efficiency, information technology},
	author = {Arman Shehabi and Sarah Josephine Smith and Dale A. Sartor and Richard E. Brown and Magnus Herrlin and Jonathan G. Koomey and Eric R. Masanet and Horner, Nathaniel and In{\^e}s Lima Azevedo and Lintner, William}
}

@misc{powerforbes,
      author = "Forbes",
      title = {\href{http://www.forbes.com/sites/christopherhelman/2016/06/28/how-much-electricity-does-it-take-to-run-the-internet/#7d19a621539b}{Berkeley Lab: It Takes 70 Billion Kilowatt Hours A Year To Run The Internet}},
      note = {\url{forbes.com/sites/christopherhelman/2016/06/28/how-much-electricity-does-it-take-to-run-the-internet}},
      month = "June",
      year = "2016"
}

@misc{co2emissions,
      author = "Natural Resource Defense Council (NRDC)",
      title = {\href{https://www.nrdc.org/experts/pierre-delforge/power-efficiency-cut-data-center-energy-waste}{The Power of Efficiency to Cut Data Center Energy Waste}},
      month = "June",
      note = {\url{nrdc.org/experts/pierre-delforge/power-efficiency-cut-data-center-energy-waste}},
      year = "2016"
}

@inproceedings{Cristal:2004:OCP:1072448.1072456,
 author = {Cristal, Adrian and Ortega, Daniel and Llosa, Josep and Valero, Mateo},
 title = {\href{http://dl.acm.org/citation.cfm?id=1072456}{Out-of-Order Commit Processors}},
 booktitle = {Proceedings of the 10th International Symposium on High Performance Computer Architecture},
 series = {HPCA '04},
 year = {2004},
 isbn = {0-7695-2053-7},
 pages = {48--},
 url = {http://dx.doi.org/10.1109/HPCA.2004.10008},
 doi = {10.1109/HPCA.2004.10008},
 acmid = {1072456},
 publisher = {IEEE Computer Society},
 address = {Washington, DC, USA},
} 


@misc{ec2pricing,
      author = "Amazon EC2",
      title = {\href{https://aws.amazon.com/ec2/pricing/on-demand/}{Amazon {EC2} pricing}},
      note = {\url{aws.amazon.com/ec2/pricing/on-demand/}},
      month = "November",
      year = "2016"
}

@misc{rack,
      author = "Rackspace",
      title = {\href{https://www.rackspace.com/}{Rackspace}},
      note = {\url{rackspace.com}},
      month = "November",
      year = "2016"
}

@misc{googlesearch,
      author = "Google Inc.",
      title = {\href{https://www.google.es}{Google search}},
      note = {\url{google.es}},
      month = "November",
      year = "2016"
}

@misc{twitter,
      author = "Twitter Inc.",
      title = {\href{https://www.twitter.com}{Twitter}},
      note = {\url{twitter.com}},
      month = "November",
      year = "2016"
}

@misc{facebook,
      author = "Facebook Inc.",
      title = {\href{https://www.facebook.com}{Facebook}},
      note = {\url{facebook.com}},
      month = "November",
      year = "2016"
}

@misc{youtube,
      author = "YouTube",
      title = {\href{https://www.youtube.com}{YouTube}},
      note = {\url{youtube.com}},
      month = "November",
      year = "2016"
}

@misc{amazon,
      author = "Amazon",
      title = {\href{https://www.amazon.es}{Amazon}},
      note = {\url{amazon.es}},
      month = "November",
      year = "2016"
}


@misc{fblue,
      author = "Facebook Inc.",
      title = {\href{https://www.facebook.com/notes/lule%C3%A5-data-center/lule%C3%A5-goes-live/474321655969861#}{Lule\aa~goes live}},
      note = {\url{facebook.com}},
      month = "November",
      year = "2016"
}


@INPROCEEDINGS{6557176, 
author={K{\"u}lt{\"u}rsay, Emre and Kandemir, Mahmut and Sivasubramaniam, Anand and Mutlu, Onur}, 
booktitle={2013 IEEE International Symposium on Performance Analysis of Systems and Software (ISPASS)}, 
title={\href{http://ieeexplore.ieee.org/document/6557176/}{Evaluating STT-RAM as an energy-efficient main memory alternative}}, 
year={2013}, 
pages={256-267}, 
keywords={MRAM devices;buffer storage;performance evaluation;power aware computing;energy analysis;energy-efficient main memory alternative;equal capacity STT-RAM main memory evaluation;key optimization identification;partial write bypass;performance analysis;row buffer write bypass;spin-transfer torque random-access memory;substantial power savings;Arrays;Magnetic tunneling;Organizations;Phase change random access memory;Sensors;Transistors}, 
doi={10.1109/ISPASS.2013.6557176}, 
month={April},}

@article{Lefurgy:2003:EMC:957964.957972,
 author = {Lefurgy, Charles and Rajamani, Karthick and Rawson, Freeman and Felter, Wes and Kistler, Michael and Keller, Tom W.},
 title = {\href{http://dl.acm.org/citation.cfm?id=957972}{Energy Management for Commercial Servers}},
 journal = {Computer},
 issue_date = {December 2003},
 volume = {36},
 number = {12},
 month = dec,
 year = {2003},
 issn = {0018-9162},
 pages = {39--48},
 numpages = {10},
 url = {http://dx.doi.org/10.1109/MC.2003.1250880},
 doi = {10.1109/MC.2003.1250880},
 acmid = {957972},
 publisher = {IEEE Computer Society Press},
 address = {Los Alamitos, CA, USA},
} 

@INPROCEEDINGS{4658648, 
author={Hur, Ibrahim and Lin, Calvin}, 
booktitle={2008 IEEE 14th International Symposium on High Performance Computer Architecture}, 
title={\href{http://ieeexplore.ieee.org/document/4658648/}{A comprehensive approach to DRAM power management}}, 
year={2008}, 
pages={305-316}, 
keywords={DRAM chips;DRAM energy efficiency;DRAM power management;adaptive history-based memory scheduler;memory controller;Adaptive scheduling;Delay estimation;Energy consumption;Energy efficiency;Energy management;Memory management;Power system management;Random access memory;SDRAM;Technology management}, 
doi={10.1109/HPCA.2008.4658648}, 
ISSN={1530-0897}, 
month={Feb},}


@ARTICLE{5510883, 
author={Carter, John and Rajamani, Karthick}, 
journal={Computer}, 
title={\href{http://ieeexplore.ieee.org/document/5510883/}{Designing Energy-Efficient Servers and Data Centers}}, 
year={2010}, 
volume={43}, 
number={7}, 
pages={76-78}, 
keywords={computer centres;energy conservation;network servers;data abstraction;energy efficient data centers;energy efficient servers;Energy efficiency;Energy efficiency;Green IT;Standards and best practices}, 
doi={10.1109/MC.2010.198}, 
ISSN={0018-9162}, 
month={July},}


@inproceedings{Zivanovic:2016:LNE:2989081.2989083,
 author = {Zivanovic, Darko and Radulovic, Milan and Llort, Germ\'{a}n and Zaragoza, David and Strassburg, Janko and Carpenter, Paul M. and Radojkovi\'{c}, Petar and Ayguad{\'e}, Eduard},
 title = {\href{http://dl.acm.org/citation.cfm?id=2989083}{Large-Memory Nodes for Energy Efficient High-Performance Computing}},
 booktitle = {Proceedings of the Second International Symposium on Memory Systems},
 series = {MEMSYS '16},
 year = {2016},
 isbn = {978-1-4503-4305-3},
 location = {Alexandria, VA, USA},
 pages = {3--9},
 numpages = {7},
 url = {http://doi.acm.org/10.1145/2989081.2989083},
 doi = {10.1145/2989081.2989083},
 acmid = {2989083},
 publisher = {ACM},
 address = {New York, NY, USA},
 keywords = {Capacity computing, Energy efficiency, High-performance computing, Large-memory nodes, Scaling-in},
} 

@inproceedings{Asifuzzaman:2016:PIS:2989081.2989082,
 author = {Asifuzzaman, Kazi and Pavlovic, Milan and Radulovic, Milan and Zaragoza, David and Kwon, Ohseong and Ryoo, Kyung-Chang and Radojkovi\'{c}, Petar},
 title = {\href{http://dl.acm.org/citation.cfm?id=2989082}{Performance Impact of a Slower Main Memory: A Case Study of STT-MRAM in HPC}},
 booktitle = {Proceedings of the Second International Symposium on Memory Systems},
 series = {MEMSYS '16},
 year = {2016},
 isbn = {978-1-4503-4305-3},
 location = {Alexandria, VA, USA},
 pages = {40--49},
 numpages = {10},
 url = {http://doi.acm.org/10.1145/2989081.2989082},
 doi = {10.1145/2989081.2989082},
 acmid = {2989082},
 publisher = {ACM},
 address = {New York, NY, USA},
 keywords = {High-performance computing, Main memory, STT-MRAM},
} 

@inproceedings{Guo:2015:PLS:2785956.2787496,
 author = {Guo, Chuanxiong and Yuan, Lihua and Xiang, Dong and Dang, Yingnong and Huang, Ray and Maltz, Dave and Liu, Zhaoyi and Wang, Vin and Pang, Bin and Chen, Hua and Lin, Zhi-Wei and Kurien, Varugis},
 title = {\href{http://dl.acm.org/citation.cfm?id=2787496}{Pingmesh: A Large-Scale System for Data Center Network Latency Measurement and Analysis}},
 booktitle = {Proceedings of the 2015 ACM Conference on Special Interest Group on Data Communication},
 series = {SIGCOMM '15},
 year = {2015},
 isbn = {978-1-4503-3542-3},
 location = {London, United Kingdom},
 pages = {139--152},
 numpages = {14},
 url = {http://doi.acm.org/10.1145/2785956.2787496},
 doi = {10.1145/2785956.2787496},
 acmid = {2787496},
 publisher = {ACM},
 address = {New York, NY, USA},
 keywords = {data center networking, network troubleshooting, silent packet drops},
} 

@inproceedings{Rajovic:2013:SCC:2503210.2503281,
 author = {Rajovic, Nikola and Carpenter, Paul M. and Gelado, Isaac and Puzovic, Nikola and Ramirez, Alex and Valero, Mateo},
 title = {\href{http://dl.acm.org/citation.cfm?id=2503281}{Supercomputing with Commodity CPUs: Are Mobile SoCs Ready for HPC?}},
 booktitle = {Proceedings of the International Conference on High Performance Computing, Networking, Storage and Analysis},
 series = {SC '13},
 year = {2013},
 isbn = {978-1-4503-2378-9},
 location = {Denver, Colorado},
 pages = {40:1--40:12},
 articleno = {40},
 numpages = {12},
 url = {http://doi.acm.org/10.1145/2503210.2503281},
 doi = {10.1145/2503210.2503281},
 acmid = {2503281},
 publisher = {ACM},
 address = {New York, NY, USA},
} 

@misc{koomey,
      author = "Jonathan G. Koomey",
      title = {\href{http://www.koomey.com/post/153838038643}{Our latest on energy efficiency of computing over time, now out in Electronic Design}},
      note = {\url{koomey.com/post/153838038643}},
      month = "December",
      year = "2016"
}

@misc{ondemand,
    author= "Dominik Brodowski",
    title = {\href{https://www.kernel.org/doc/Documentation/cpu-freq/governors.txt}{CPU frequency and voltage scaling code in the Linux kernel}},
    note = {\url{kernel.org/doc/Documentation/cpu-freq/governors.txt}},
    month = "February",
    year = "2017"
} 


@misc{samsung, 
    author= "Samsung",
    title = {\href{http://www.samsung.com/semiconductor/minisite/Exynos/w/solution/mobile_ap/5_dual/}{Samsung Exynos 5 Dual}},
    note = {\url{samsung.com/semiconductor/minisite/Exynos}},
    month = "February",
    year = "2017"
} 

@misc{A15, 
    author= "ARM",
    title = {\href{https://www.arm.com/products/processors/cortex-a/cortex-a15.php}{ARM Cortex-15 processor}},
    note = {\url{arm.com}},
    month = "February",
    year = "2017"
} 

@misc{Mali, 
    author= "ARM",
    title = {\href{http://www.arm.com/products/graphics-and-multimedia/mali-gpu}{Mali graphics processing from ARM}},
    note = {\url{arm.com}},
    month = "February",
    year = "2017"
} 

@misc{RDTSC, 
    author= "Intel",
    title = {\href{https://en.wikipedia.org/wiki/Time_Stamp_Counter}{Time Stamp Counter}},
    note = {\url{en.wikipedia.org/wiki/Time_Stamp_Counter}},
    month = "February",
    year = "2017"
} 
